{
	"id": "gen9rpou-10-tlvuiv",
	"format": "[Gen 9] RP OU",
	"players": [
		"Bunny Stockfish",
		"SlimeQueenSamantha"
	],
	"rating": null,
	"log": "|j|☆Bunny Stockfish\n|j|☆SlimeQueenSamantha\n|t:|1790279084\n|gametype|singles\n|badge|p1|bronze|gen9rpou|3-3\n|badge|p2|silver|gen9rpou|2-2\n|player|p1|Bunny Stockfish|bunny.png|1366\n|player|p2|SlimeQueenSamantha|queen.png|1431\n|gen|9\n|tier|[Gen 9] RP OU\n|rated|\n|rule|HP Percentage Mod: HP is shown in percentages\n|rule|Endless Battle Clause: Forcing endless battles is banned\n|rule|Species Clause: Limit one of each Pokémon\n|rule|OHKO Clause: OHKO moves are banned\n|rule|Evasion Clause: Evasion abilities, items, and moves are banned\n|rule|Evasion Abilities Clause: Evasion abilities are banned\n|rule|Evasion Items Clause: Evasion items are banned\n|rule|Evasion Moves Clause: Evasion moves are banned\n|rule|Sleep Clause Mod: Limit one foe put to sleep\n|clearpoke\n|poke|p1|Clodsire|\n|poke|p1|Corviknight|\n|poke|p1|Regieleki|\n|poke|p1|Clefable|\n|poke|p1|Dondozo|\n|poke|p1|Blissey|\n|poke|p2|Banette, F|\n|poke|p2|Ursaluna-Bloodmoon, M|\n|poke|p2|Magearna|\n|poke|p2|Hatterene, F|\n|poke|p2|Kingambit|\n|poke|p2|Stakataka|\n|teampreview\n|c|☆Bunny Stockfish|Good luck! Playing on **stockfish**.\n|\n|t:|1790279132\n|teamsize|p1|6\n|teamsize|p2|6\n|start\n|switch|p1a: Clodsire|Clodsire|100/100\n|switch|p2a: Banette|Banette, F, shiny|100/100\n|-item|p1a: Clodsire|Heavy-Duty Boots|[from] ability: Frisk|[of] p2a: Banette\n|turn|1\n|\n|t:|1790279136\n|detailschange|p2a: Banette|Banette-Mega-Halloween, F, shiny\n|-mega|p2a: Banette|Banette|Banettite-Halloween\n|-ability|p2a: Banette|Witching Hour\n|-message|The Witching Hour has struck! Banette's tricks can't be stopped, not even by Dark types!\n|-message|Banette's Poltergeist became Witch's Snatch!\n|move|p2a: Banette|Witch's Snatch|p1a: Clodsire\n|-damage|p1a: Clodsire|0 fnt\n|-enditem|p1a: Clodsire|Heavy-Duty Boots|[from] move: Witch's Snatch|[of] p2a: Banette\n|faint|p1a: Clodsire\n|\n|upkeep\n|\n|t:|1790279137\n|switch|p1a: Corviknight|Corviknight|100/100\n|-ability|p1a: Corviknight|Unnerve\n|turn|2\n|\n|t:|1790279139\n|move|p2a: Banette|Witch's Snatch|p1a: Corviknight\n|-damage|p1a: Corviknight|1/100\n|-damage|p2a: Banette|84/100|[from] item: Rocky Helmet|[of] p1a: Corviknight\n|-enditem|p1a: Corviknight|Rocky Helmet|[from] move: Witch's Snatch|[of] p2a: Banette\n|-start|p1a: Corviknight|typeadd|Ghost|[from] move: Witch's Snatch\n|move|p1a: Corviknight|Brave Bird|p2a: Banette\n|-crit|p2a: Banette\n|-damage|p2a: Banette|0 fnt\n|faint|p2a: Banette\n|detailschange|p2: Banette|Banette, F, shiny|[silent]\n|-damage|p1a: Corviknight|0 fnt|[from] Recoil\n|faint|p1a: Corviknight\n|\n|upkeep\n|\n|t:|1790279149\n|switch|p2a: Hatterene|Hatterene, F|100/100\n|switch|p1a: Regieleki|Regieleki|100/100\n|turn|3\n|\n|t:|1790279152\n|switch|p1a: Blissey|Blissey|100/100\n|move|p2a: Hatterene|Trick Room|p2a: Hatterene\n|-fieldstart|move: Trick Room|[of] p2a: Hatterene\n|\n|upkeep\n|turn|4\n|\n|t:|1790279154\n|move|p2a: Hatterene|Psychic Noise|p1a: Blissey\n|-damage|p1a: Blissey|86/100\n|-start|p1a: Blissey|move: Heal Block\n|move|p1a: Blissey|Calm Mind|p1a: Blissey\n|-boost|p1a: Blissey|spa|1\n|-boost|p1a: Blissey|spd|1\n|\n|upkeep\n|turn|5\n|\n|t:|1790279158\n|switch|p2a: Stakataka|Stakataka|100/100\n|move|p1a: Blissey|Calm Mind|p1a: Blissey\n|-boost|p1a: Blissey|spa|1\n|-boost|p1a: Blissey|spd|1\n|\n|-end|p1a: Blissey|move: Heal Block\n|upkeep\n|turn|6\n|\n|t:|1790279160\n|switch|p1a: Dondozo|Dondozo|100/100\n|move|p2a: Stakataka|Gyro Ball|p1a: Dondozo\n|-resisted|p1a: Dondozo\n|-damage|p1a: Dondozo|86/100\n|-damage|p2a: Stakataka|91/100|[from] item: Life Orb\n|\n|upkeep\n|turn|7\n|\n|t:|1790279164\n|switch|p2a: Magearna|Magearna|100/100\n|-start|p1a: Dondozo|Dynamax|\n|-heal|p1a: Dondozo|86/100|[silent]\n|move|p1a: Dondozo|Max Geyser|p2a: Magearna\n|-damage|p2a: Magearna|77/100\n|-weather|RainDance\n|\n|-weather|RainDance|[upkeep]\n|-heal|p2a: Magearna|83/100|[from] item: Leftovers\n|-fieldend|move: Trick Room\n|upkeep\n|turn|8\n|\n|t:|1790279166\n|move|p2a: Magearna|Volt Switch|p1a: Dondozo\n|-supereffective|p1a: Dondozo\n|-damage|p1a: Dondozo|58/100\n|\n|t:|1790279170\n|switch|p2a: Hatterene|Hatterene, F|100/100|[from] Volt Switch\n|move|p1a: Dondozo|Max Geyser|p2a: Hatterene\n|-damage|p2a: Hatterene|58/100\n|\n|-weather|RainDance|[upkeep]\n|upkeep\n|turn|9\n|\n|t:|1790279173\n|-start|p2a: Hatterene|Dynamax|\n|-heal|p2a: Hatterene|58/100|[silent]\n|move|p1a: Dondozo|Max Darkness|p2a: Hatterene\n|-damage|p2a: Hatterene|40/100\n|-unboost|p2a: Hatterene|spd|1\n|move|p2a: Hatterene|Max Mindstorm|p1a: Dondozo\n|-damage|p1a: Dondozo|20/100\n|-fieldstart|move: Psychic Terrain\n|\n|-weather|RainDance|[upkeep]\n|upkeep\n|-end|p1a: Dondozo|Dynamax\n|-heal|p1a: Dondozo|20/100|[silent]\n|turn|10\n|\n|t:|1790279174\n|switch|p1a: Blissey|Blissey|86/100\n|move|p2a: Hatterene|Max Mindstorm|p1a: Blissey\n|-damage|p1a: Blissey|57/100\n|\n|-weather|RainDance|[upkeep]\n|-heal|p1a: Blissey|63/100|[from] item: Leftovers\n|upkeep\n|turn|11\n|\n|t:|1790279178\n|move|p1a: Blissey|Shadow Ball|p2a: Hatterene\n|-supereffective|p2a: Hatterene\n|-damage|p2a: Hatterene|19/100\n|-unboost|p2a: Hatterene|spd|1\n|move|p2a: Hatterene|Max Mindstorm|p1a: Blissey\n|-damage|p1a: Blissey|33/100\n|\n|-weather|none\n|-heal|p1a: Blissey|39/100|[from] item: Leftovers\n|upkeep\n|-end|p2a: Hatterene|Dynamax\n|-heal|p2a: Hatterene|19/100|[silent]\n|turn|12\n|\n|t:|1790279180\n|switch|p2a: Kingambit|Kingambit|100/100\n|-activate|p2a: Kingambit|ability: Supreme Overlord\n|-start|p2a: Kingambit|fallen1|[silent]\n|move|p1a: Blissey|Shadow Ball|p2a: Kingambit\n|-resisted|p2a: Kingambit\n|-damage|p2a: Kingambit|93/100\n|-unboost|p2a: Kingambit|spd|1\n|\n|-heal|p1a: Blissey|45/100|[from] item: Leftovers\n|-heal|p2a: Kingambit|99/100|[from] item: Leftovers\n|upkeep\n|turn|13\n|\n|t:|1790279182\n|move|p1a: Blissey|Seismic Toss|p2a: Kingambit\n|-damage|p2a: Kingambit|75/100\n|move|p2a: Kingambit|Swords Dance|p2a: Kingambit\n|-boost|p2a: Kingambit|atk|2\n|\n|-heal|p1a: Blissey|51/100|[from] item: Leftovers\n|-heal|p2a: Kingambit|81/100|[from] item: Leftovers\n|-fieldend|move: Psychic Terrain\n|upkeep\n|turn|14\n|\n|t:|1790279185\n|move|p1a: Blissey|Seismic Toss|p2a: Kingambit\n|-damage|p2a: Kingambit|56/100\n|move|p2a: Kingambit|Iron Head|p1a: Blissey\n|-damage|p1a: Blissey|0 fnt\n|faint|p1a: Blissey\n|\n|-heal|p2a: Kingambit|62/100|[from] item: Leftovers\n|upkeep\n|\n|t:|1790279185\n|switch|p1a: Regieleki|Regieleki|100/100\n|turn|15\n|\n|t:|1790279187\n|move|p2a: Kingambit|Sucker Punch|p1a: Regieleki\n|-damage|p1a: Regieleki|0 fnt\n|faint|p1a: Regieleki\n|\n|-heal|p2a: Kingambit|68/100|[from] item: Leftovers\n|upkeep\n|\n|t:|1790279187\n|switch|p1a: Clefable|Clefable|100/100\n|turn|16\n|\n|t:|1790279189\n|-terastallize|p1a: Clefable|Steel\n|move|p1a: Clefable|Moonblast|p2a: Kingambit\n|-damage|p2a: Kingambit|39/100\n|-unboost|p2a: Kingambit|spa|1\n|move|p2a: Kingambit|Iron Head|p1a: Clefable\n|-resisted|p1a: Clefable\n|-damage|p1a: Clefable|81/100\n|\n|-heal|p2a: Kingambit|45/100|[from] item: Leftovers\n|upkeep\n|turn|17\n|\n|t:|1790279195\n|-terastallize|p2a: Kingambit|Dark\n|move|p1a: Clefable|Moonblast|p2a: Kingambit\n|-supereffective|p2a: Kingambit\n|-crit|p2a: Kingambit\n|-damage|p2a: Kingambit|0 fnt\n|faint|p2a: Kingambit\n|-end|p2a: Kingambit|fallen1|[silent]\n|\n|upkeep\n|\n|t:|1790279201\n|switch|p2a: Stakataka|Stakataka|91/100\n|turn|18\n|\n|t:|1790279203\n|move|p1a: Clefable|Moonblast|p2a: Stakataka\n|-resisted|p2a: Stakataka\n|-damage|p2a: Stakataka|74/100\n|move|p2a: Stakataka|Trick Room|p2a: Stakataka\n|-fieldstart|move: Trick Room|[of] p2a: Stakataka\n|\n|upkeep\n|turn|19\n|\n|t:|1790279204\n|move|p2a: Stakataka|Earthquake|p1a: Clefable\n|-supereffective|p1a: Clefable\n|-damage|p1a: Clefable|6/100\n|-damage|p2a: Stakataka|64/100|[from] item: Life Orb\n|move|p1a: Clefable|Moonblast|p2a: Stakataka\n|-resisted|p2a: Stakataka\n|-damage|p2a: Stakataka|48/100\n|-unboost|p2a: Stakataka|spa|1\n|\n|upkeep\n|turn|20\n|\n|t:|1790279207\n|move|p2a: Stakataka|Earthquake|p1a: Clefable\n|-supereffective|p1a: Clefable\n|-damage|p1a: Clefable|0 fnt\n|faint|p1a: Clefable\n|-ability|p2a: Stakataka|Beast Boost|boost\n|-boost|p2a: Stakataka|atk|1\n|-damage|p2a: Stakataka|39/100|[from] item: Life Orb\n|\n|upkeep\n|\n|t:|1790279207\n|switch|p1a: Dondozo|Dondozo|20/100\n|turn|21\n|\n|t:|1790279210\n|move|p2a: Stakataka|Earthquake|p1a: Dondozo\n|-damage|p1a: Dondozo|0 fnt\n|faint|p1a: Dondozo\n|-damage|p2a: Stakataka|29/100|[from] item: Life Orb\n|\n|win|SlimeQueenSamantha\n",
	"inputlog": ">start {\"formatid\":\"gen9rpou\",\"seed\":\"sodium,9900cdc36217fa407b6e4fa62b5807e2\",\"rated\":\"Rated battle\"}\n>player p1 {\"name\":\"Bunny Stockfish\",\"avatar\":\"bunny.png\",\"team\":\"Clodsire||HeavyDutyBoots|Unaware|Earthquake,Recover,Toxic,StealthRock|Careful|248,,8,,252,|N||||,,,,,Steel]Corviknight||RockyHelmet|Unnerve|BraveBird,Defog,IronDefense,Roost|Impish|248,,252,,8,|N||||,,,G,,Water]Regieleki||ChoiceSpecs|Transistor|VoltSwitch,RapidSpin,Swift,Thunderbolt|Timid|,,,252,4,252|N||||,,,,,Electric]Clefable||HeavyDutyBoots|Unaware|CalmMind,Moonblast,Moonlight,ThunderWave|Bold|252,,252,,4,|N|,0,,,,|||,,,,,Steel]Dondozo||HeavyDutyBoots|WaterVeil|Rest,Undertow,Crunch,SleepTalk|Impish|252,,252,,4,|N||||,,,,,Dark]Blissey||Leftovers|SereneGrace|SoftBoiled,CalmMind,SeismicToss,ShadowBall|Calm|4,,252,,252,|N|,0,,,,|||,,,,,Water\",\"rating\":1366}\n>player p2 {\"name\":\"SlimeQueenSamantha\",\"avatar\":\"queen.png\",\"team\":\"Banette||BanettiteHalloween|Frisk|Poltergeist,ShadowSneak,DestinyBond,twilightexit|Adamant|4,252,,,,252|F||S||,,,,,Ghost]Ursaluna|UrsalunaBloodmoon|Leftovers|MindsEye|CalmMind,BloodMoon,HyperVoice,EarthPower|Modest|252,,4,252,,|M||||,,,,,Normal]Magearna||Leftovers|SoulHeart|TrickRoom,VoltSwitch,FleurCannon,FlashCannon|Quiet|252,,,252,4,|N|,0,,,,|||,,,,,Steel]Hatterene||FocusSash|MagicBounce|TrickRoom,PsychicNoise,DazzlingGleam,HealingWish|Quiet|252,,4,252,,|F|,0,,,,0|||,,,,,Water]Kingambit||Leftovers|SupremeOverlord|KnockOff,SuckerPunch,IronHead,SwordsDance|Adamant|252,252,,,4,|N||||,,,,,Dark]Stakataka||LifeOrb|BeastBoost|TrickRoom,GyroBall,StoneEdge,Earthquake|Lonely|252,252,,,4,|N|,,15,,,0|||,,,,,Rock\",\"rating\":1431}\n>chat ☆Bunny Stockfish|Good luck! Playing on **stockfish**.\n>p1 team 1, 3, 2, 4, 6, 5\n>p2 team 1, 2, 3, 4, 5, 6\n>p1 move earthquake\n>p2 move poltergeist mega\n>p1 switch 3\n>p1 move bravebird\n>p2 move witchssnatch\n>p1 switch 2\n>p2 switch 4\n>p1 switch 5\n>p2 move trickroom\n>p1 move calmmind\n>p2 move psychicnoise\n>p1 move calmmind\n>p2 switch 6\n>p1 switch 6\n>p2 move gyroball\n>p1 move undertow dynamax\n>p2 switch 3\n>p1 move undertow dynamax\n>p2 move voltswitch\n>p2 switch 6\n>p1 move crunch dynamax\n>p2 move psychicnoise dynamax\n>p1 switch 6\n>p2 move psychicnoise dynamax\n>p1 move shadowball\n>p2 move psychicnoise dynamax\n>p1 move shadowball\n>p2 switch 5\n>p1 move seismictoss\n>p2 move swordsdance\n>p1 move seismictoss\n>p2 move ironhead\n>p1 switch 5\n>p1 move thunderbolt\n>p2 move suckerpunch\n>p1 switch 4\n>p1 move moonblast terastallize\n>p2 move ironhead\n>p1 move moonblast\n>p2 move knockoff terastallize\n>p2 switch 3\n>p1 move moonblast\n>p2 move trickroom\n>p1 move moonblast\n>p2 move earthquake\n>p1 move moonblast\n>p2 move earthquake\n>p1 switch 6\n>p1 move undertow\n>p2 move earthquake",
	"uploadtime": 1790279210
}