{
	"id": "gen9rpou-5-tlw1b3",
	"format": "[Gen 9] RP OU",
	"players": [
		"Bunny Stockfish",
		"SlimeQueenSamantha"
	],
	"rating": null,
	"log": "|j|☆Bunny Stockfish\n|j|☆SlimeQueenSamantha\n|t:|1790296273\n|gametype|singles\n|badge|p1|bronze|gen9rpou|3-3\n|badge|p2|silver|gen9rpou|2-2\n|player|p1|Bunny Stockfish|bunny.png|1381\n|player|p2|SlimeQueenSamantha|queen.png|1413\n|gen|9\n|tier|[Gen 9] RP OU\n|rated|\n|rule|HP Percentage Mod: HP is shown in percentages\n|rule|Endless Battle Clause: Forcing endless battles is banned\n|rule|Species Clause: Limit one of each Pokémon\n|rule|OHKO Clause: OHKO moves are banned\n|rule|Evasion Clause: Evasion abilities, items, and moves are banned\n|rule|Evasion Abilities Clause: Evasion abilities are banned\n|rule|Evasion Items Clause: Evasion items are banned\n|rule|Evasion Moves Clause: Evasion moves are banned\n|rule|Sleep Clause Mod: Limit one foe put to sleep\n|clearpoke\n|poke|p1|Flareon|\n|poke|p1|Hatterene|\n|poke|p1|Gyarados|\n|poke|p1|Kingambit|\n|poke|p1|Banette|\n|poke|p1|Roserade|\n|poke|p2|Spiritomb|\n|poke|p2|Glaceon|\n|poke|p2|Garchomp|\n|poke|p2|Roserade|\n|poke|p2|Togekiss|\n|poke|p2|Lucario|\n|teampreview\n|c|☆Bunny Stockfish|Good luck! Playing on **stockfish**.\n|\n|t:|1790296277\n|teamsize|p1|6\n|teamsize|p2|6\n|start\n|switch|p1a: Flareon|Flareon|100/100\n|switch|p2a: Glaceon|Glaceon|100/100\n|-weather|Snowscape|[from] ability: Diamond Dust|[of] p2a: Glaceon\n|-status|p1a: Flareon|brn|[from] ability: Kindled Fury|[of] p1a: Flareon\n|turn|1\n|\n|t:|1790296280\n|-terastallize|p1a: Flareon|Normal\n|move|p2a: Glaceon|Earth Power|p1a: Flareon\n|-damage|p1a: Flareon|48/100 brn\n|-damage|p2a: Glaceon|91/100|[from] item: Life Orb\n|move|p1a: Flareon|Close Combat|p2a: Glaceon\n|-supereffective|p2a: Glaceon\n|-damage|p2a: Glaceon|0 fnt\n|-unboost|p1a: Flareon|def|1\n|-unboost|p1a: Flareon|spd|1\n|faint|p2a: Glaceon\n|\n|-weather|Snowscape|[upkeep]\n|-damage|p1a: Flareon|42/100 brn|[from] brn\n|-ability|p1a: Flareon|Kindled Fury|boost\n|-boost|p1a: Flareon|spe|1\n|upkeep\n|\n|t:|1790296288\n|switch|p2a: Garchomp|Garchomp|100/100\n|turn|2\n|\n|t:|1790296290\n|move|p1a: Flareon|Close Combat|p2a: Garchomp\n|-damage|p2a: Garchomp|39/100\n|-unboost|p1a: Flareon|def|1\n|-unboost|p1a: Flareon|spd|1\n|-damage|p1a: Flareon|30/100 brn|[from] ability: Rough Skin|[of] p2a: Garchomp\n|-damage|p1a: Flareon|13/100 brn|[from] item: Rocky Helmet|[of] p2a: Garchomp\n|move|p2a: Garchomp|Stealth Rock|p1a: Flareon\n|-sidestart|p1: Bunny Stockfish|move: Stealth Rock\n|\n|-weather|Snowscape|[upkeep]\n|-damage|p1a: Flareon|8/100 brn|[from] brn\n|-ability|p1a: Flareon|Kindled Fury|boost\n|-boost|p1a: Flareon|spe|1\n|upkeep\n|turn|3\n|\n|t:|1790296294\n|move|p1a: Flareon|Close Combat|p2a: Garchomp\n|-damage|p2a: Garchomp|0 fnt\n|-unboost|p1a: Flareon|def|1\n|-unboost|p1a: Flareon|spd|1\n|-damage|p1a: Flareon|0 fnt|[from] ability: Rough Skin|[of] p2a: Garchomp\n|faint|p2a: Garchomp\n|faint|p1a: Flareon\n|\n|-weather|Snowscape|[upkeep]\n|upkeep\n|\n|t:|1790296300\n|switch|p2a: Roserade|Roserade|100/100\n|switch|p1a: Roserade|Roserade|100/100\n|-damage|p1a: Roserade|88/100|[from] Stealth Rock\n|-ability|p1a: Roserade|Masquerade\n|-start|p2a: Roserade|move: Taunt\n|-ability|p2a: Roserade|Masquerade\n|-start|p1a: Roserade|move: Taunt\n|turn|4\n|\n|t:|1790296314\n|switch|p2a: Lucario|Lucario|100/100\n|-start|p1a: Roserade|Dynamax|\n|-heal|p1a: Roserade|88/100|[silent]\n|move|p1a: Roserade|Max Ooze|p2a: Lucario\n|-immune|p2a: Lucario\n|\n|-weather|Snowscape|[upkeep]\n|-heal|p1a: Roserade|91/100|[from] item: Leftovers\n|upkeep\n|turn|5\n|\n|t:|1790296321\n|detailschange|p2a: Lucario|Lucario-Mega-Z\n|-mega|p2a: Lucario|Lucario|Lucarionite Z\n|move|p2a: Lucario|Nasty Plot|p2a: Lucario\n|-boost|p2a: Lucario|spa|2\n|move|p1a: Roserade|Max Overgrowth|p2a: Lucario\n|-resisted|p2a: Lucario\n|-damage|p2a: Lucario|50/100\n|-fieldstart|move: Grassy Terrain\n|\n|-weather|none\n|-heal|p2a: Lucario|56/100|[from] Grassy Terrain\n|-heal|p1a: Roserade|94/100|[from] Grassy Terrain\n|-heal|p1a: Roserade|97/100|[from] item: Leftovers\n|upkeep\n|turn|6\n|\n|t:|1790296325\n|move|p2a: Lucario|Nasty Plot|p2a: Lucario\n|-boost|p2a: Lucario|spa|2\n|move|p1a: Roserade|Max Overgrowth|p2a: Lucario\n|-resisted|p2a: Lucario\n|-damage|p2a: Lucario|0 fnt\n|faint|p2a: Lucario\n|detailschange|p2: Lucario|Lucario|[silent]\n|\n|-heal|p1a: Roserade|100/100|[from] Grassy Terrain\n|-end|p1a: Roserade|move: Taunt\n|upkeep\n|\n|t:|1790296331\n|switch|p2a: Togekiss|Togekiss|100/100\n|-end|p1a: Roserade|Dynamax\n|-heal|p1a: Roserade|100/100|[silent]\n|turn|7\n|\n|t:|1790296332\n|move|p2a: Togekiss|Air Slash|p1a: Roserade\n|-supereffective|p1a: Roserade\n|-damage|p1a: Roserade|16/100\n|cant|p1a: Roserade|flinch\n|\n|-heal|p1a: Roserade|22/100|[from] Grassy Terrain\n|-heal|p1a: Roserade|28/100|[from] item: Leftovers\n|upkeep\n|turn|8\n|\n|t:|1790296335\n|switch|p1a: Banette|Banette|100/100\n|-damage|p1a: Banette|88/100|[from] Stealth Rock\n|move|p2a: Togekiss|Air Slash|p1a: Banette\n|-damage|p1a: Banette|22/100\n|\n|-heal|p1a: Banette|28/100|[from] Grassy Terrain\n|upkeep\n|turn|9\n|\n|t:|1790296336\n|detailschange|p1a: Banette|Banette-Mega\n|-mega|p1a: Banette|Banette|Banettite\n|move|p1a: Banette|Swords Dance|p1a: Banette\n|-boost|p1a: Banette|atk|2\n|move|p2a: Togekiss|Air Slash|p1a: Banette|[miss]\n|-miss|p2a: Togekiss|p1a: Banette\n|\n|-heal|p1a: Banette|34/100|[from] Grassy Terrain\n|-fieldend|move: Grassy Terrain\n|upkeep\n|turn|10\n|\n|t:|1790296342\n|move|p2a: Togekiss|Air Slash|p1a: Banette\n|-damage|p1a: Banette|0 fnt\n|faint|p1a: Banette\n|detailschange|p1: Banette|Banette|[silent]\n|\n|upkeep\n|\n|t:|1790296343\n|switch|p1a: Hatterene|Hatterene|100/100\n|-damage|p1a: Hatterene|88/100|[from] Stealth Rock\n|turn|11\n|\n|t:|1790296345\n|move|p2a: Togekiss|Air Slash|p1a: Hatterene\n|-damage|p1a: Hatterene|64/100\n|move|p1a: Hatterene|Psyshock|p2a: Togekiss\n|-damage|p2a: Togekiss|54/100\n|\n|upkeep\n|turn|12\n|\n|t:|1790296347\n|move|p2a: Togekiss|Air Slash|p1a: Hatterene\n|-damage|p1a: Hatterene|39/100\n|cant|p1a: Hatterene|flinch\n|\n|upkeep\n|turn|13\n|\n|t:|1790296348\n|move|p2a: Togekiss|Air Slash|p1a: Hatterene\n|-damage|p1a: Hatterene|14/100\n|cant|p1a: Hatterene|flinch\n|\n|upkeep\n|turn|14\n|\n|t:|1790296349\n|switch|p1a: Gyarados|Gyarados|100/100\n|-damage|p1a: Gyarados|76/100|[from] Stealth Rock\n|-ability|p1a: Gyarados|Intimidate|boost\n|-unboost|p2a: Togekiss|atk|1\n|move|p2a: Togekiss|Air Slash|p1a: Gyarados\n|-damage|p1a: Gyarados|44/100\n|\n|upkeep\n|turn|15\n|\n|t:|1790296351\n|move|p2a: Togekiss|Air Slash|p1a: Gyarados\n|-damage|p1a: Gyarados|13/100\n|cant|p1a: Gyarados|flinch\n|\n|upkeep\n|turn|16\n|\n|t:|1790296352\n|move|p2a: Togekiss|Air Slash|p1a: Gyarados\n|-damage|p1a: Gyarados|0 fnt\n|faint|p1a: Gyarados\n|\n|upkeep\n|\n|t:|1790296352\n|switch|p1a: Hatterene|Hatterene|14/100\n|-damage|p1a: Hatterene|2/100|[from] Stealth Rock\n|turn|17\n|\n|t:|1790296353\n|move|p2a: Togekiss|Air Slash|p1a: Hatterene\n|-damage|p1a: Hatterene|0 fnt\n|faint|p1a: Hatterene\n|\n|upkeep\n|\n|t:|1790296354\n|switch|p1a: Roserade|Roserade|28/100\n|-damage|p1a: Roserade|16/100|[from] Stealth Rock\n|-ability|p1a: Roserade|Masquerade\n|-start|p2a: Togekiss|move: Taunt\n|turn|18\n|\n|t:|1790296355\n|move|p2a: Togekiss|Air Slash|p1a: Roserade\n|-supereffective|p1a: Roserade\n|-damage|p1a: Roserade|0 fnt\n|faint|p1a: Roserade\n|\n|upkeep\n|\n|t:|1790296355\n|switch|p1a: Kingambit|Kingambit|100/100\n|-damage|p1a: Kingambit|94/100|[from] Stealth Rock\n|-activate|p1a: Kingambit|ability: Supreme Overlord\n|-start|p1a: Kingambit|fallen5|[silent]\n|turn|19\n|\n|t:|1790296358\n|switch|p2a: Roserade|Roserade|100/100\n|-ability|p2a: Roserade|Masquerade\n|-start|p1a: Kingambit|move: Taunt\n|move|p1a: Kingambit|Iron Head|p2a: Roserade\n|-damage|p2a: Roserade|0 fnt\n|faint|p2a: Roserade\n|\n|upkeep\n|\n|t:|1790296360\n|switch|p2a: Togekiss|Togekiss|54/100\n|turn|20\n|\n|t:|1790296362\n|move|p2a: Togekiss|Flamethrower|p1a: Kingambit\n|-supereffective|p1a: Kingambit\n|-damage|p1a: Kingambit|34/100\n|-status|p1a: Kingambit|brn\n|move|p1a: Kingambit|Iron Head|p2a: Togekiss\n|-supereffective|p2a: Togekiss\n|-damage|p2a: Togekiss|0 fnt\n|faint|p2a: Togekiss\n|\n|-damage|p1a: Kingambit|28/100 brn|[from] brn\n|upkeep\n|\n|t:|1790296368\n|switch|p2a: Spiritomb|Spiritomb|100/100\n|turn|21\n|\n|t:|1790296370\n|move|p1a: Kingambit|Carrion Feast|p2a: Spiritomb\n|-damage|p2a: Spiritomb|70/100\n|-heal|p1a: Kingambit|42/100 brn|[from] drain|[of] p2a: Spiritomb\n|move|p2a: Spiritomb|Soul Toll|p1a: Kingambit\n|-resisted|p1a: Kingambit\n|-damage|p1a: Kingambit|16/100 brn\n|\n|-heal|p2a: Spiritomb|76/100|[from] item: Leftovers\n|-damage|p1a: Kingambit|9/100 brn|[from] brn\n|-end|p1a: Kingambit|move: Taunt\n|upkeep\n|turn|22\n|\n|t:|1790296373\n|move|p1a: Kingambit|Sucker Punch|p2a: Spiritomb\n|-damage|p2a: Spiritomb|48/100\n|move|p2a: Spiritomb|Soul Toll|p1a: Kingambit\n|-resisted|p1a: Kingambit\n|-damage|p1a: Kingambit|0 fnt\n|faint|p1a: Kingambit\n|-end|p1a: Kingambit|fallen5|[silent]\n|\n|win|SlimeQueenSamantha\n",
	"inputlog": ">start {\"formatid\":\"gen9rpou\",\"seed\":\"sodium,e73c2d87f52ad0bcb73e1fcfcf0b7150\",\"rated\":\"Rated battle\"}\n>player p1 {\"name\":\"Bunny Stockfish\",\"avatar\":\"bunny.png\",\"team\":\"Flareon||ChoiceBand|KindledFury|FlareBlitz,CloseCombat,Facade,SparkScamper|Adamant|,252,4,,,252|N||||,,,,,Normal]Hatterene||AssaultVest|MagicBounce|Psyshock,DrainingKiss,MysticalFire,PsychicNoise|Modest|252,,,100,104,52|N|,0,,,,|||,,,G,,Water]Gyarados||LoadedDice|Intimidate|WaveCharge,Earthquake,Waterfall,Crunch|Impish|248,,144,,,116|N||||,,,,,Ground]Kingambit||BlackGlasses|SupremeOverlord|SwordsDance,SuckerPunch,CarrionFeast,IronHead|Adamant|252,252,,,4,|N||||,,,,,Fire]Banette||Banettite|Prankster|Poltergeist,GunkShot,SwordsDance,ThunderWave|Adamant|,252,,,4,252|N||||,,,,,Ghost]Roserade||Leftovers|Masquerade|ThornedBouquet,SludgeBomb,SolarNectar,Spikes|Timid|,,,252,4,252|N|,0,,,,|||,,,,,Grass\",\"rating\":1381}\n>player p2 {\"name\":\"SlimeQueenSamantha\",\"avatar\":\"queen.png\",\"team\":\"Spiritomb||Leftovers|KeystoneLegion|soultoll,StrengthSap,PartingShot,WillOWisp|Calm|252,,4,,252,|N||||,,,,,Fairy]Glaceon||LifeOrb|DiamondDust|Blizzard,FreezeDry,AuroraVeil,EarthPower|Modest|,,4,252,,252|N|,0,,,,|||,,,,,Ice]Garchomp||RockyHelmet|RoughSkin|Earthquake,DragonTail,StealthRock,Spikes|Impish|252,,216,,,40|N||||,,,,,Ghost]Roserade||HeavyDutyBoots|Masquerade|thornedbouquet,oxidize,NastyPlot,MortalSpin|Timid|,,,252,4,252|N||||,,,,,Water]Togekiss||ChoiceScarf|SereneGrace|AirSlash,Uturn,AlluringVoice,Flamethrower|Timid|,,,252,4,252|N||||,,,,,Flying]Lucario||LucarioniteZ|Steadfast|NastyPlot,AuraSphere,FlashCannon,HiddenPowerIce|Timid|,,,252,,252|N|,0,,,,|||,Ice,,,,Ghost\",\"rating\":1413}\n>chat ☆Bunny Stockfish|Good luck! Playing on **stockfish**.\n>p1 team 1, 6, 5, 3, 4, 2\n>p2 team 2, 1, 3, 4, 5, 6\n>p1 move closecombat terastallize\n>p2 move earthpower\n>p2 switch 3\n>p1 move closecombat\n>p2 move stealthrock\n>p1 move closecombat\n>p2 move spikes\n>p1 switch 2\n>p2 switch 4\n>p1 move sludgebomb dynamax\n>p2 switch 6\n>p1 move thornedbouquet dynamax\n>p2 move nastyplot mega\n>p1 move thornedbouquet dynamax\n>p2 move nastyplot\n>p2 switch 5\n>p1 move sludgebomb\n>p2 move airslash\n>p1 switch 3\n>p2 move airslash\n>p1 move swordsdance mega\n>p2 move airslash\n>p1 move gunkshot\n>p2 move airslash\n>p1 switch 6\n>p1 move psyshock\n>p2 move airslash\n>p1 move psyshock\n>p2 move airslash\n>p1 move psyshock\n>p2 move airslash\n>p1 switch 4\n>p2 move airslash\n>p1 move waterfall\n>p2 move airslash\n>p1 move waterfall\n>p2 move airslash\n>p1 switch 4\n>p1 move psyshock\n>p2 move airslash\n>p1 switch 3\n>p1 move sludgebomb\n>p2 move airslash\n>p1 switch 5\n>p1 move ironhead\n>p2 switch 6\n>p2 switch 6\n>p1 move ironhead\n>p2 move flamethrower\n>p2 switch 2\n>p1 move carrionfeast\n>p2 move soultoll\n>p1 move suckerpunch\n>p2 move soultoll",
	"uploadtime": 1790296373
}