{
	"id": "gen9rpbattle-1-tm7nxi",
	"format": "[Gen 9] RP Battle",
	"players": [
		"Leader rock hard c",
		"simia ignis"
	],
	"rating": null,
	"log": "|velvetmusic|gym|events/gym-leader-dppt\n|j|☆Leader rock hard c\n|j|☆simia ignis\n|t:|1790828658\n|gametype|singles\n|player|p1|Leader rock hard c|2|\n|player|p2|simia ignis|simia-ignis.png|\n|gen|9\n|tier|[Gen 9] RP Battle\n|clearpoke\n|poke|p1|Pupitar, L34, M|\n|poke|p1|Rockruff, L34, M|\n|poke|p1|Barbaracle-Mega, L34, F|\n|poke|p1|Naclstack, L34, F|\n|poke|p1|Growlithe-Hisui, L34, M|\n|poke|p1|Iron Boulder, L36|\n|poke|p2|Flutter Mane, L34|\n|poke|p2|Banette, L34, M|\n|poke|p2|Roaring Moon, L34|\n|poke|p2|Monferno, L34, F|\n|poke|p2|Whimsicott, L34, F|\n|poke|p2|Smeargle, L34, F|\n|teampreview\n|n|☆Leader rock hard c|leaderrockhardc\n|inactive|Battle timer is ON: inactive players will automatically lose when time's up. (requested by Leader rock hard c)\n|c|☆Leader rock hard c|🔒 Z-Moves, Dynamax, Terastallization are locked until the story gives TTR the item; the battle won't allow them.\n|c|☆Leader rock hard c|Your Showdown team must match your box: only Pokémon you own, at or below their box level, or the battle is called off.\n|c|☆Leader rock hard c|Let's see what you've got!\n|\n|t:|1790828668\n|teamsize|p1|6\n|teamsize|p2|6\n|start\n|switch|p1a: Barbaracle|Barbaracle-Mega, L34, F|100/100\n|switch|p2a: Roaring Moon|Roaring Moon, L34|100/100\n|-enditem|p2a: Roaring Moon|Booster Energy\n|-activate|p2a: Roaring Moon|ability: Protosynthesis|[fromitem]\n|-start|p2a: Roaring Moon|protosynthesisatk\n|turn|1\n|\n|t:|1790828672\n|-end|p2a: Roaring Moon|Protosynthesis|[silent]\n|switch|p2a: Whimsicott|Whimsicott, L34, F|100/100\n|move|p1a: Barbaracle|Shell Smash|p1a: Barbaracle\n|-unboost|p1a: Barbaracle|def|1\n|-unboost|p1a: Barbaracle|spd|1\n|-boost|p1a: Barbaracle|atk|2\n|-boost|p1a: Barbaracle|spa|2\n|-boost|p1a: Barbaracle|spe|2\n|\n|upkeep\n|turn|2\n|\n|t:|1790828674\n|move|p2a: Whimsicott|Spore|p1a: Barbaracle\n|-status|p1a: Barbaracle|slp|[from] move: Spore\n|cant|p1a: Barbaracle|slp\n|\n|upkeep\n|turn|3\n|\n|t:|1790828676\n|cant|p1a: Barbaracle|slp\n|move|p2a: Whimsicott|Moonblast|p1a: Barbaracle\n|-supereffective|p1a: Barbaracle\n|-damage|p1a: Barbaracle|0 fnt\n|faint|p1a: Barbaracle\n|\n|upkeep\n|\n|t:|1790828677\n|switch|p1a: Growlithe|Growlithe-Hisui, L34, M|100/100\n|turn|4\n|\n|t:|1790828678\n|move|p2a: Whimsicott|Spore|p1a: Growlithe\n|-status|p1a: Growlithe|slp|[from] move: Spore\n|cant|p1a: Growlithe|slp\n|\n|upkeep\n|turn|5\n|\n|t:|1790828680\n|move|p2a: Whimsicott|Moonblast|p1a: Growlithe\n|-resisted|p1a: Growlithe\n|-damage|p1a: Growlithe|69/100 slp\n|-curestatus|p1a: Growlithe|slp|[msg]\n|move|p1a: Growlithe|Flare Blitz|p2a: Whimsicott\n|-supereffective|p2a: Whimsicott\n|-enditem|p2a: Whimsicott|Focus Sash\n|-damage|p2a: Whimsicott|2/100\n|\n|upkeep\n|turn|6\n|\n|t:|1790828682\n|move|p2a: Whimsicott|Spore|p1a: Growlithe\n|-status|p1a: Growlithe|slp|[from] move: Spore\n|cant|p1a: Growlithe|slp\n|\n|upkeep\n|turn|7\n|\n|t:|1790828684\n|switch|p2a: Roaring Moon|Roaring Moon, L34|100/100\n|cant|p1a: Growlithe|slp\n|\n|upkeep\n|turn|8\n|\n|t:|1790828687\n|move|p2a: Roaring Moon|Dragon Dance|p2a: Roaring Moon\n|-boost|p2a: Roaring Moon|atk|1\n|-boost|p2a: Roaring Moon|spe|1\n|cant|p1a: Growlithe|slp\n|\n|upkeep\n|turn|9\n|\n|t:|1790828688\n|move|p2a: Roaring Moon|Earthquake|p1a: Growlithe\n|-supereffective|p1a: Growlithe\n|-damage|p1a: Growlithe|0 fnt\n|faint|p1a: Growlithe\n|\n|upkeep\n|\n|t:|1790828688\n|switch|p1a: Naclstack|Naclstack, L34, F|100/100\n|turn|10\n|\n|t:|1790828690\n|move|p2a: Roaring Moon|Earthquake|p1a: Naclstack\n|-supereffective|p1a: Naclstack\n|-damage|p1a: Naclstack|0 fnt\n|faint|p1a: Naclstack\n|\n|upkeep\n|\n|t:|1790828691\n|switch|p1a: Iron Boulder|Iron Boulder, L36|100/100\n|-enditem|p1a: Iron Boulder|Booster Energy\n|-activate|p1a: Iron Boulder|ability: Quark Drive|[fromitem]\n|-start|p1a: Iron Boulder|quarkdrivespe\n|turn|11\n|\n|t:|1790828697\n|-end|p2a: Roaring Moon|Protosynthesis|[silent]\n|switch|p2a: Flutter Mane|Flutter Mane, L34, shiny|100/100\n|-enditem|p2a: Flutter Mane|Booster Energy\n|-activate|p2a: Flutter Mane|ability: Protosynthesis|[fromitem]\n|-start|p2a: Flutter Mane|protosynthesisspa\n|move|p1a: Iron Boulder|Close Combat|p2a: Flutter Mane\n|-immune|p2a: Flutter Mane\n|\n|upkeep\n|turn|12\n|\n|t:|1790828700\n|move|p1a: Iron Boulder|Mighty Cleave|p2a: Flutter Mane\n|-damage|p2a: Flutter Mane|11/100\n|move|p2a: Flutter Mane|Shadow Ball|p1a: Iron Boulder\n|-supereffective|p1a: Iron Boulder\n|-damage|p1a: Iron Boulder|17/100\n|\n|upkeep\n|turn|13\n|\n|t:|1790828708\n|-end|p2a: Flutter Mane|Protosynthesis|[silent]\n|switch|p2a: Banette|Banette, L34, M, shiny|100/100\n|move|p1a: Iron Boulder|Mighty Cleave|p2a: Banette\n|-damage|p2a: Banette|24/100\n|\n|upkeep\n|turn|14\n|\n|t:|1790828715\n|detailschange|p2a: Banette|Banette-Mega-Halloween, L34, M, shiny\n|-mega|p2a: Banette|Banette|Banettite-Halloween\n|-ability|p2a: Banette|Witching Hour\n|-message|The Witching Hour has struck! Banette's tricks can't be stopped, not even by Dark types!\n|-message|Banette's Poltergeist became Witch's Snatch!\n|move|p2a: Banette|Parting Shot|p1a: Iron Boulder\n|-unboost|p1a: Iron Boulder|atk|1\n|-unboost|p1a: Iron Boulder|spa|1\n|\n|t:|1790828718\n|switch|p2a: Roaring Moon|Roaring Moon, L34|100/100|[from] Parting Shot\n|move|p1a: Iron Boulder|Mighty Cleave|p2a: Roaring Moon\n|-damage|p2a: Roaring Moon|64/100\n|\n|upkeep\n|turn|15\n|\n|t:|1790828722\n|move|p1a: Iron Boulder|Close Combat|p2a: Roaring Moon\n|-supereffective|p2a: Roaring Moon\n|-damage|p2a: Roaring Moon|4/100\n|-unboost|p1a: Iron Boulder|def|1\n|-unboost|p1a: Iron Boulder|spd|1\n|move|p2a: Roaring Moon|Knock Off|p1a: Iron Boulder\n|-supereffective|p1a: Iron Boulder\n|-damage|p1a: Iron Boulder|0 fnt\n|faint|p1a: Iron Boulder\n|-end|p1a: Iron Boulder|Quark Drive|[silent]\n|\n|upkeep\n|\n|t:|1790828722\n|switch|p1a: Rockruff|Rockruff, L34, M|100/100\n|turn|16\n|\n|t:|1790828729\n|-end|p2a: Roaring Moon|Protosynthesis|[silent]\n|switch|p2a: Monferno|Monferno, L34, F|100/100\n|move|p1a: Rockruff|Crag Hammer|p2a: Monferno\n|-damage|p2a: Monferno|41/100\n|-unboost|p2a: Monferno|def|1\n|-damage|p1a: Rockruff|91/100|[from] item: Life Orb\n|\n|upkeep\n|turn|17\n|\n|t:|1790828737\n|move|p2a: Monferno|Close Combat|p1a: Rockruff\n|-supereffective|p1a: Rockruff\n|-damage|p1a: Rockruff|0 fnt\n|-unboost|p2a: Monferno|def|1\n|-unboost|p2a: Monferno|spd|1\n|faint|p1a: Rockruff\n|\n|upkeep\n|\n|t:|1790828737\n|switch|p1a: Pupitar|Pupitar, L34, M|100/100\n|turn|18\n|\n|t:|1790828740\n|move|p2a: Monferno|Close Combat|p1a: Pupitar\n|-supereffective|p1a: Pupitar\n|-damage|p1a: Pupitar|0 fnt\n|-unboost|p2a: Monferno|def|1\n|-unboost|p2a: Monferno|spd|1\n|faint|p1a: Pupitar\n|\n|win|simia ignis\n",
	"inputlog": ">start {\"formatid\":\"gen9rpbattle\",\"seed\":\"sodium,9d32b1c7a7eff353a1a8255af418bc41\"}\n>player p1 {\"name\":\"Leader rock hard c\",\"avatar\":\"2\",\"team\":\"Pupitar||SmoothRock|ShedSkin|Crunch,StoneEdge,StealthRock,Pursuit|Careful|20,20,20,20,20,20||14,14,14,14,14,14||34|]Rockruff||LifeOrb|KeenEye|CragHammer,PlayRough,RockSlide,Roar|Lax|20,20,20,20,20,20||14,14,14,14,14,14||34|]Barbaracle-Mega||Barbaracite|ToughClaws|ShellSmash,CragHammer,Liquidation,LowKick|Bold|20,20,20,20,20,20||14,14,14,14,14,14||34|]Naclstack||Leftovers|PurifyingSalt|SaltCure,IronDefense,BodyPress,Recover|Mild|20,20,20,20,20,20||14,14,14,14,14,14||34|]Growlithe-Hisui||ChoiceBand|RockHead|HeadSmash,CloseCombat,FlareBlitz,Crunch|Sassy|20,20,20,20,20,20||14,14,14,14,14,14||34|]Iron Boulder||BoosterEnergy|QuarkDrive|MightyCleave,CloseCombat,Earthquake,SwordsDance|Quirky|20,20,20,20,20,20||14,14,14,14,14,14||36|\",\"rating\":0}\n>player p2 {\"name\":\"simia ignis\",\"avatar\":\"simia-ignis.png\",\"team\":\"Flutter Mane||BoosterEnergy|Protosynthesis|Moonblast,ShadowBall,MysticalFire,CalmMind|||||S|34|]Banette||BanettiteHalloween|Prankster|SwordsDance,CarrionFeast,Poltergeist,PartingShot|||||S|34|]Roaring Moon||BoosterEnergy|Protosynthesis|DragonDance,Earthquake,KnockOff,Outrage||||||34|]Monferno||ChoiceBand|KindlingCrown|FlareBlitz,Uturn,CloseCombat,ThunderPunch||||||34|]Whimsicott||FocusSash|Prankster|Spore,Encore,Moonblast,Taunt||||||34|]Smeargle||FocusSash|Moody|Substitute,BatonPass,Spore,ShellSmash||||||34|\",\"rating\":0}\n>chat ☆Leader rock hard c|🔒 Z-Moves, Dynamax, Terastallization are locked until the story gives TTR the item; the battle won't allow them.\n>chat ☆Leader rock hard c|Your Showdown team must match your box: only Pokémon you own, at or below their box level, or the battle is called off.\n>chat ☆Leader rock hard c|Let's see what you've got!\n>p1 team 3, 6, 2, 1, 5, 4\n>p2 team 3, 2, 1, 4, 5, 6\n>p1 move shellsmash\n>p2 switch 5\n>p1 move craghammer\n>p2 move spore\n>p1 move craghammer\n>p2 move moonblast\n>p1 switch 5\n>p1 move flareblitz\n>p2 move spore\n>p1 move flareblitz\n>p2 move moonblast\n>p1 move flareblitz\n>p2 move spore\n>p1 move flareblitz\n>p2 switch 5\n>p1 move flareblitz\n>p2 move dragondance\n>p1 move flareblitz\n>p2 move earthquake\n>p1 switch 6\n>p1 move bodypress\n>p2 move earthquake\n>p1 switch 2\n>p1 move closecombat\n>p2 switch 3\n>p1 move mightycleave\n>p2 move shadowball\n>p1 move mightycleave\n>p2 switch 2\n>p1 move mightycleave\n>p2 move partingshot mega\n>p2 switch 3\n>p1 move closecombat\n>p2 move knockoff\n>p1 switch 3\n>p1 move craghammer\n>p2 switch 4\n>p1 move craghammer\n>p2 move closecombat\n>p1 switch 4\n>p1 move stoneedge\n>p2 move closecombat",
	"uploadtime": 1790828740
}