{
	"id": "gen9rpou-2-tm9p4h",
	"format": "[Gen 9] RP OU",
	"players": [
		"Bunny Stockfish",
		"SlimeQueenSamantha"
	],
	"rating": null,
	"log": "|j|☆Bunny Stockfish\n|j|☆SlimeQueenSamantha\n|t:|1790923967\n|gametype|singles\n|badge|p1|bronze|gen9rpou|3-3\n|badge|p2|gold|gen9rpou|1-1\n|player|p1|Bunny Stockfish|bunny.png|1357\n|player|p2|SlimeQueenSamantha|queen.png|1522\n|gen|9\n|tier|[Gen 9] RP OU\n|rated|\n|rule|HP Percentage Mod: HP is shown in percentages\n|rule|Endless Battle Clause: Forcing endless battles is banned\n|rule|Species Clause: Limit one of each Pokémon\n|rule|OHKO Clause: OHKO moves are banned\n|rule|Evasion Clause: Evasion abilities, items, and moves are banned\n|rule|Evasion Abilities Clause: Evasion abilities are banned\n|rule|Evasion Items Clause: Evasion items are banned\n|rule|Evasion Moves Clause: Evasion moves are banned\n|rule|Sleep Clause Mod: Limit one foe put to sleep\n|clearpoke\n|poke|p1|Dragonite|\n|poke|p1|Garchomp|\n|poke|p1|Alakazam|\n|poke|p1|Espeon|\n|poke|p1|Kingambit|\n|poke|p1|Iron Moth|\n|poke|p2|Lugia|\n|poke|p2|Blissey|\n|poke|p2|Registeel|\n|poke|p2|Umbreon|\n|poke|p2|Spiritomb|\n|poke|p2|Clodsire|\n|teampreview\n|c|☆Bunny Stockfish|Good luck! Playing on **stockfish**.\n|\n|t:|1790923991\n|teamsize|p1|6\n|teamsize|p2|6\n|start\n|switch|p1a: Kingambit|Kingambit|100/100\n|switch|p2a: Umbreon|Umbreon|100/100\n|turn|1\n|\n|t:|1790923993\n|move|p1a: Kingambit|Swords Dance|p1a: Kingambit\n|-boost|p1a: Kingambit|atk|2\n|move|p2a: Umbreon|Knock Off|p1a: Kingambit\n|-resisted|p1a: Kingambit\n|-damage|p1a: Kingambit|91/100\n|-enditem|p1a: Kingambit|Leftovers|[from] move: Knock Off|[of] p2a: Umbreon\n|\n|upkeep\n|turn|2\n|\n|t:|1790923995\n|move|p1a: Kingambit|Iron Head|p2a: Umbreon\n|-damage|p2a: Umbreon|23/100\n|move|p2a: Umbreon|Toxic|p1a: Kingambit\n|-status|p1a: Kingambit|tox\n|\n|-heal|p2a: Umbreon|29/100|[from] item: Leftovers\n|-damage|p1a: Kingambit|85/100 tox|[from] psn\n|upkeep\n|turn|3\n|\n|t:|1790924000\n|switch|p2a: Registeel|Registeel|100/100\n|-start|p1a: Kingambit|Dynamax|\n|-heal|p1a: Kingambit|85/100 tox|[silent]\n|move|p1a: Kingambit|Max Steelspike|p2a: Registeel\n|-resisted|p2a: Registeel\n|-damage|p2a: Registeel|77/100\n|-boost|p1a: Kingambit|def|1\n|\n|-heal|p2a: Registeel|83/100|[from] item: Leftovers\n|-damage|p1a: Kingambit|79/100 tox|[from] psn\n|upkeep\n|turn|4\n|\n|t:|1790924007\n|move|p1a: Kingambit|Max Darkness|p2a: Registeel\n|-damage|p2a: Registeel|38/100\n|-unboost|p2a: Registeel|spd|1\n|move|p2a: Registeel|Iron Defense|p2a: Registeel\n|-boost|p2a: Registeel|def|2\n|\n|-heal|p2a: Registeel|44/100|[from] item: Leftovers\n|-damage|p1a: Kingambit|70/100 tox|[from] psn\n|upkeep\n|turn|5\n|\n|t:|1790924010\n|-end|p1a: Kingambit|Dynamax\n|-heal|p1a: Kingambit|70/100 tox|[silent]\n|-end|p1a: Kingambit|fallenundefined|[silent]\n|switch|p1a: Alakazam|Alakazam|100/100\n|move|p2a: Registeel|Iron Defense|p2a: Registeel\n|-boost|p2a: Registeel|def|2\n|\n|-heal|p2a: Registeel|50/100|[from] item: Leftovers\n|upkeep\n|turn|6\n|\n|t:|1790924013\n|move|p1a: Alakazam|Focus Blast|p2a: Registeel\n|-supereffective|p2a: Registeel\n|-damage|p2a: Registeel|0 fnt\n|faint|p2a: Registeel\n|\n|upkeep\n|\n|t:|1790924017\n|switch|p2a: Spiritomb|Spiritomb, shiny|100/100\n|turn|7\n|\n|t:|1790924020\n|switch|p1a: Dragonite|Dragonite|100/100\n|move|p2a: Spiritomb|Soul Toll|p1a: Dragonite\n|-damage|p1a: Dragonite|86/100\n|\n|upkeep\n|turn|8\n|\n|t:|1790924022\n|move|p1a: Dragonite|Dragon Dance|p1a: Dragonite\n|-boost|p1a: Dragonite|atk|1\n|-boost|p1a: Dragonite|spe|1\n|move|p2a: Spiritomb|Will-O-Wisp|p1a: Dragonite\n|-status|p1a: Dragonite|brn\n|\n|-damage|p1a: Dragonite|80/100 brn|[from] brn\n|upkeep\n|turn|9\n|\n|t:|1790924025\n|move|p1a: Dragonite|Dragon Dance|p1a: Dragonite\n|-boost|p1a: Dragonite|atk|1\n|-boost|p1a: Dragonite|spe|1\n|move|p2a: Spiritomb|Strength Sap|p1a: Dragonite\n|-unboost|p1a: Dragonite|atk|1\n|\n|-damage|p1a: Dragonite|74/100 brn|[from] brn\n|upkeep\n|turn|10\n|\n|t:|1790924026\n|move|p1a: Dragonite|Encore|p2a: Spiritomb\n|-start|p2a: Spiritomb|Encore\n|move|p2a: Spiritomb|Strength Sap|p1a: Dragonite\n|-unboost|p1a: Dragonite|atk|1\n|\n|-damage|p1a: Dragonite|67/100 brn|[from] brn\n|upkeep\n|turn|11\n|\n|t:|1790924028\n|move|p1a: Dragonite|Fire Punch|p2a: Spiritomb\n|-damage|p2a: Spiritomb|91/100\n|move|p2a: Spiritomb|Strength Sap|p1a: Dragonite\n|-unboost|p1a: Dragonite|atk|1\n|-heal|p2a: Spiritomb|100/100\n|\n|-damage|p1a: Dragonite|61/100 brn|[from] brn\n|upkeep\n|turn|12\n|\n|t:|1790924031\n|move|p1a: Dragonite|Fire Punch|p2a: Spiritomb\n|-damage|p2a: Spiritomb|94/100\n|move|p2a: Spiritomb|Strength Sap|p1a: Dragonite\n|-unboost|p1a: Dragonite|atk|1\n|-heal|p2a: Spiritomb|100/100\n|\n|-damage|p1a: Dragonite|55/100 brn|[from] brn\n|-end|p2a: Spiritomb|Encore\n|upkeep\n|turn|13\n|\n|t:|1790924034\n|switch|p2a: Umbreon|Umbreon|29/100\n|move|p1a: Dragonite|Encore||[still]\n|-fail|p1a: Dragonite\n|\n|-heal|p2a: Umbreon|35/100|[from] item: Leftovers\n|-damage|p1a: Dragonite|49/100 brn|[from] brn\n|upkeep\n|turn|14\n|\n|t:|1790924035\n|switch|p1a: Garchomp|Garchomp|100/100\n|move|p2a: Umbreon|Recover|p2a: Umbreon\n|-heal|p2a: Umbreon|85/100\n|\n|-heal|p2a: Umbreon|91/100|[from] item: Leftovers\n|upkeep\n|turn|15\n|\n|t:|1790924037\n|move|p1a: Garchomp|Swords Dance|p1a: Garchomp\n|-boost|p1a: Garchomp|atk|2\n|move|p2a: Umbreon|Toxic|p1a: Garchomp\n|-status|p1a: Garchomp|tox\n|\n|-heal|p2a: Umbreon|97/100|[from] item: Leftovers\n|-damage|p1a: Garchomp|94/100 tox|[from] psn\n|upkeep\n|turn|16\n|\n|t:|1790924044\n|switch|p1a: Kingambit|Kingambit|70/100 tox\n|switch|p2a: Lugia|Lugia|100/100\n|\n|-damage|p1a: Kingambit|64/100 tox|[from] psn\n|upkeep\n|turn|17\n|\n|t:|1790924049\n|-terastallize|p2a: Lugia|Ground\n|move|p1a: Kingambit|Sucker Punch||[still]\n|-fail|p1a: Kingambit\n|move|p2a: Lugia|Calm Mind|p2a: Lugia\n|-boost|p2a: Lugia|spa|1\n|-boost|p2a: Lugia|spd|1\n|\n|-damage|p1a: Kingambit|51/100 tox|[from] psn\n|upkeep\n|turn|18\n|\n|t:|1790924052\n|move|p1a: Kingambit|Sucker Punch||[still]\n|-fail|p1a: Kingambit\n|move|p2a: Lugia|Calm Mind|p2a: Lugia\n|-boost|p2a: Lugia|spa|1\n|-boost|p2a: Lugia|spd|1\n|\n|-damage|p1a: Kingambit|33/100 tox|[from] psn\n|upkeep\n|turn|19\n|\n|t:|1790924053\n|move|p1a: Kingambit|Sucker Punch||[still]\n|-fail|p1a: Kingambit\n|move|p2a: Lugia|Calm Mind|p2a: Lugia\n|-boost|p2a: Lugia|spa|1\n|-boost|p2a: Lugia|spd|1\n|\n|-damage|p1a: Kingambit|8/100 tox|[from] psn\n|upkeep\n|turn|20\n|\n|t:|1790924055\n|move|p1a: Kingambit|Sucker Punch||[still]\n|-fail|p1a: Kingambit\n|move|p2a: Lugia|Calm Mind|p2a: Lugia\n|-boost|p2a: Lugia|spa|1\n|-boost|p2a: Lugia|spd|1\n|\n|-damage|p1a: Kingambit|0 fnt|[from] psn\n|faint|p1a: Kingambit\n|-end|p1a: Kingambit|fallenundefined|[silent]\n|upkeep\n|\n|t:|1790924055\n|switch|p1a: Garchomp|Garchomp|94/100 tox\n|turn|21\n|\n|t:|1790924058\n|move|p2a: Lugia|Air Slash|p1a: Garchomp\n|-damage|p1a: Garchomp|16/100 tox\n|cant|p1a: Garchomp|flinch\n|\n|-damage|p1a: Garchomp|10/100 tox|[from] psn\n|upkeep\n|turn|22\n|\n|t:|1790924063\n|move|p2a: Lugia|Air Slash|p1a: Garchomp\n|-damage|p1a: Garchomp|0 fnt\n|faint|p1a: Garchomp\n|\n|upkeep\n|\n|t:|1790924063\n|switch|p1a: Espeon|Espeon|100/100\n|turn|23\n|\n|t:|1790924065\n|move|p2a: Lugia|Air Slash|p1a: Espeon\n|-damage|p1a: Espeon|5/100\n|cant|p1a: Espeon|flinch\n|\n|upkeep\n|turn|24\n|\n|t:|1790924069\n|move|p1a: Espeon|Psyshock|p2a: Lugia\n|-damage|p2a: Lugia|84/100\n|move|p2a: Lugia|Air Slash|p1a: Espeon|[miss]\n|-miss|p2a: Lugia|p1a: Espeon\n|\n|upkeep\n|turn|25\n|\n|t:|1790924071\n|move|p1a: Espeon|Psyshock|p2a: Lugia\n|-damage|p2a: Lugia|46/100\n|move|p2a: Lugia|Air Slash|p1a: Espeon\n|-damage|p1a: Espeon|0 fnt\n|faint|p1a: Espeon\n|\n|upkeep\n|\n|t:|1790924071\n|switch|p1a: Alakazam|Alakazam|100/100\n|turn|26\n|\n|t:|1790924075\n|move|p1a: Alakazam|Hypno Whirl|p2a: Lugia\n|-damage|p2a: Lugia|34/100\n|move|p2a: Lugia|Air Slash|p1a: Alakazam\n|-damage|p1a: Alakazam|0 fnt\n|faint|p1a: Alakazam\n|\n|upkeep\n|\n|t:|1790924075\n|switch|p1a: Dragonite|Dragonite|49/100 brn\n|turn|27\n|\n|t:|1790924079\n|move|p2a: Lugia|Air Slash|p1a: Dragonite\n|-damage|p1a: Dragonite|0 fnt\n|faint|p1a: Dragonite\n|\n|upkeep\n|\n|t:|1790924079\n|switch|p1a: Iron Moth|Iron Moth|100/100\n|-enditem|p1a: Iron Moth|Booster Energy\n|-activate|p1a: Iron Moth|ability: Quark Drive|[fromitem]\n|-start|p1a: Iron Moth|quarkdrivespe\n|turn|28\n|\n|t:|1790924081\n|move|p1a: Iron Moth|Energy Ball|p2a: Lugia\n|-supereffective|p2a: Lugia\n|-damage|p2a: Lugia|23/100\n|move|p2a: Lugia|Recover|p2a: Lugia\n|-heal|p2a: Lugia|73/100\n|\n|upkeep\n|turn|29\n|\n|t:|1790924084\n|move|p1a: Iron Moth|Energy Ball|p2a: Lugia\n|-supereffective|p2a: Lugia\n|-damage|p2a: Lugia|62/100\n|move|p2a: Lugia|Air Slash|p1a: Iron Moth\n|-damage|p1a: Iron Moth|20/100\n|\n|upkeep\n|turn|30\n|\n|t:|1790924085\n|move|p1a: Iron Moth|Energy Ball|p2a: Lugia\n|-supereffective|p2a: Lugia\n|-damage|p2a: Lugia|51/100\n|move|p2a: Lugia|Air Slash|p1a: Iron Moth\n|-damage|p1a: Iron Moth|0 fnt\n|faint|p1a: Iron Moth\n|-end|p1a: Iron Moth|Quark Drive|[silent]\n|\n|win|SlimeQueenSamantha\n",
	"inputlog": ">start {\"formatid\":\"gen9rpou\",\"seed\":\"sodium,9f52eb978d76b01c2d0ccf12348b95b8\",\"rated\":\"Rated battle\"}\n>player p1 {\"name\":\"Bunny Stockfish\",\"avatar\":\"bunny.png\",\"team\":\"Dragonite||LoadedDice|Multiscale|DragonDance,Outrage,FirePunch,Encore|Jolly|,252,4,,,252|N||||,,,,,Steel]Garchomp||LoadedDice|RoughSkin|SwordsDance,ScaleShot,Earthquake,FireFang|Jolly|,252,,,4,252|N||||,,,,,Fire]Alakazam||LifeOrb|MagicGuard|HypnoWhirl,PsychicNoise,FocusBlast,ShadowBall|Timid|,,,252,4,252|N|,0,,,,|||,,,,,Psychic]Espeon||LifeOrb|Prescience|Psyshock,AlluringVoice,ShadowBall,CalmMind|Timid|,,,252,4,252|N|,0,,,,|||,,,,,Psychic]Kingambit||Leftovers|SupremeOverlord|SwordsDance,SuckerPunch,StealthRock,IronHead|Adamant|,252,4,,,252|N||||,,,,,Ghost]Iron Moth||BoosterEnergy|QuarkDrive|FieryDance,SludgeWave,EnergyBall,DazzlingGleam|Timid|,,124,132,,252|N|,0,,,,|||,,,,,Ghost\",\"rating\":1357}\n>player p2 {\"name\":\"SlimeQueenSamantha\",\"avatar\":\"queen.png\",\"team\":\"Lugia||HeavyDutyBoots|Multiscale|CalmMind,AirSlash,EarthPower,Recover|Timid|248,,8,,,252|N|,0,,,,|||,,,,,Ground]Blissey||HeavyDutyBoots|Caretaker|SoftBoiled,StealthRock,Toxic,SeismicToss|Bold|252,,252,,4,|N|,0,,,,|S||,,,,,Water]Registeel||Leftovers|Unaware|SlackOff,IronDefense,Amnesia,velvetpress|Calm|252,,,4,252,|N|,0,,,,|||,,,,,Fairy]Umbreon||Leftovers|MoonlitVenom|Recover,Toxic,KnockOff,Teleport|Careful|252,4,,,252,|N||||,,,,,Poison]Spiritomb||Leftovers|KeystoneLegion|soultoll,StrengthSap,PartingShot,WillOWisp|Careful|252,4,,,252,|N||S||,,,,,Dragon]Clodsire||HeavyDutyBoots|WaterAbsorb|ToxicSpikes,Punishment,Earthquake,Recover|Careful|248,8,244,,8,|N||||,,,,,Fire\",\"rating\":1522}\n>chat ☆Bunny Stockfish|Good luck! Playing on **stockfish**.\n>p1 team 5, 3, 4, 6, 2, 1\n>p2 team 4, 2, 3, 1, 5, 6\n>p1 move swordsdance\n>p2 move knockoff\n>p1 move ironhead\n>p2 move toxic\n>p1 move ironhead dynamax\n>p2 switch 3\n>p1 move suckerpunch dynamax\n>p2 move irondefense\n>p1 switch 2\n>p2 move irondefense\n>p1 move focusblast\n>p2 move amnesia\n>p2 switch 5\n>p1 switch 6\n>p2 move soultoll\n>p1 move dragondance\n>p2 move willowisp\n>p1 move dragondance\n>p2 move strengthsap\n>p1 move encore\n>p2 move strengthsap\n>p1 move firepunch\n>p2 move strengthsap\n>p1 move firepunch\n>p2 move strengthsap\n>p1 move encore\n>p2 switch 3\n>p1 switch 5\n>p2 move recover\n>p1 move swordsdance\n>p2 move toxic\n>p1 switch 2\n>p2 switch 4\n>p1 move suckerpunch\n>p2 move calmmind terastallize\n>p1 move suckerpunch\n>p2 move calmmind\n>p1 move suckerpunch\n>p2 move calmmind\n>p1 move suckerpunch\n>p2 move calmmind\n>p1 switch 2\n>p1 move earthquake\n>p2 move airslash\n>p1 move earthquake\n>p2 move airslash\n>p1 switch 3\n>p1 move psyshock\n>p2 move airslash\n>p1 move psyshock\n>p2 move airslash\n>p1 move psyshock\n>p2 move airslash\n>p1 switch 6\n>p1 move hypnowhirl\n>p2 move airslash\n>p1 switch 5\n>p1 move outrage\n>p2 move airslash\n>p1 switch 4\n>p1 move energyball\n>p2 move recover\n>p1 move energyball\n>p2 move airslash\n>p1 move energyball\n>p2 move airslash",
	"uploadtime": 1790924085
}