{
	"id": "gen9rpou-5-tlj90j",
	"format": "[Gen 9] RP OU",
	"players": [
		"Bunny Stockfish",
		"TheRealWhimsicott"
	],
	"rating": null,
	"log": "|j|☆Bunny Stockfish\n|j|☆TheRealWhimsicott\n|t:|1789761562\n|gametype|singles\n|badge|p1|bronze|gen9rpou|3-3\n|badge|p2|silver|gen9rpou|2-2\n|player|p1|Bunny Stockfish|bunny.png|1333\n|player|p2|TheRealWhimsicott|266|1396\n|gen|9\n|tier|[Gen 9] RP OU\n|rated|\n|rule|HP Percentage Mod: HP is shown in percentages\n|rule|Endless Battle Clause: Forcing endless battles is banned\n|rule|Species Clause: Limit one of each Pokémon\n|rule|OHKO Clause: OHKO moves are banned\n|rule|Evasion Clause: Evasion abilities, items, and moves are banned\n|rule|Evasion Abilities Clause: Evasion abilities are banned\n|rule|Evasion Items Clause: Evasion items are banned\n|rule|Evasion Moves Clause: Evasion moves are banned\n|rule|Sleep Clause Mod: Limit one foe put to sleep\n|clearpoke\n|poke|p1|Clodsire|\n|poke|p1|Roserade|\n|poke|p1|Enamorus-Therian|\n|poke|p1|Empoleon|\n|poke|p1|Spiritomb|\n|poke|p1|Moltres|\n|poke|p2|Kingambit|\n|poke|p2|Haxorus|\n|poke|p2|Pawmot|\n|poke|p2|Glaceon|\n|poke|p2|Tinkaton, F|\n|poke|p2|Corviknight|\n|teampreview\n|c|☆Bunny Stockfish|Good luck! Playing on **stockfish**.\n|\n|t:|1789761566\n|teamsize|p1|6\n|teamsize|p2|6\n|start\n|switch|p1a: Empoleon|Empoleon|100/100\n|switch|p2a: Tinkaton|Tinkaton, F|100/100\n|-ability|p2a: Tinkaton|Mold Breaker\n|-item|p2a: Tinkaton|Air Balloon\n|turn|1\n|\n|t:|1789761571\n|move|p2a: Tinkaton|Stealth Rock|p1a: Empoleon\n|-sidestart|p1: Bunny Stockfish|move: Stealth Rock\n|move|p1a: Empoleon|Imperial Torrent|p2a: Tinkaton\n|-damage|p2a: Tinkaton|47/100\n|-enditem|p2a: Tinkaton|Air Balloon\n|\n|upkeep\n|turn|2\n|\n|t:|1789761576\n|move|p2a: Tinkaton|Encore|p1a: Empoleon\n|-start|p1a: Empoleon|Encore\n|move|p1a: Empoleon|Imperial Torrent|p2a: Tinkaton\n|-damage|p2a: Tinkaton|0 fnt\n|faint|p2a: Tinkaton\n|\n|upkeep\n|\n|t:|1789761581\n|switch|p2a: Pawmot|Pawmot|100/100\n|turn|3\n|\n|t:|1789761583\n|switch|p1a: Clodsire|Clodsire|100/100\n|move|p2a: Pawmot|Double Shock|p1a: Clodsire\n|-immune|p1a: Clodsire\n|\n|upkeep\n|turn|4\n|\n|t:|1789761585\n|switch|p2a: Glaceon|Glaceon|100/100\n|-weather|Snowscape|[from] ability: Diamond Dust|[of] p2a: Glaceon\n|move|p1a: Clodsire|Earthquake|p2a: Glaceon\n|-damage|p2a: Glaceon|79/100\n|\n|-weather|Snowscape|[upkeep]\n|upkeep\n|turn|5\n|\n|t:|1789761594\n|switch|p1a: Moltres|Moltres|100/100\n|-terastallize|p2a: Glaceon|Ice\n|move|p2a: Glaceon|Freeze-Dry|p1a: Moltres\n|-damage|p1a: Moltres|22/100\n|\n|-weather|Snowscape|[upkeep]\n|upkeep\n|turn|6\n|\n|t:|1789761596\n|move|p2a: Glaceon|Freeze-Dry|p1a: Moltres\n|-damage|p1a: Moltres|0 fnt\n|faint|p1a: Moltres\n|\n|-weather|Snowscape|[upkeep]\n|upkeep\n|\n|t:|1789761597\n|switch|p1a: Empoleon|Empoleon|100/100\n|-damage|p1a: Empoleon|94/100|[from] Stealth Rock\n|turn|7\n|\n|t:|1789761600\n|move|p2a: Glaceon|Freeze-Dry|p1a: Empoleon\n|-damage|p1a: Empoleon|41/100\n|move|p1a: Empoleon|Imperial Torrent|p2a: Glaceon\n|-damage|p2a: Glaceon|8/100\n|\n|-weather|Snowscape|[upkeep]\n|-heal|p1a: Empoleon|47/100|[from] item: Leftovers\n|upkeep\n|turn|8\n|\n|t:|1789761604\n|-start|p1a: Empoleon|Dynamax|\n|-heal|p1a: Empoleon|47/100|[silent]\n|move|p2a: Glaceon|Freeze-Dry|p1a: Empoleon\n|-damage|p1a: Empoleon|21/100\n|move|p1a: Empoleon|Max Geyser|p2a: Glaceon\n|-damage|p2a: Glaceon|0 fnt\n|-weather|RainDance\n|faint|p2a: Glaceon\n|\n|-weather|RainDance|[upkeep]\n|-heal|p1a: Empoleon|24/100|[from] item: Leftovers\n|upkeep\n|\n|t:|1789761610\n|switch|p2a: Pawmot|Pawmot|100/100\n|turn|9\n|\n|t:|1789761612\n|-end|p1a: Empoleon|Dynamax\n|-heal|p1a: Empoleon|24/100|[silent]\n|switch|p1a: Clodsire|Clodsire|100/100\n|move|p2a: Pawmot|Close Combat|p1a: Clodsire\n|-resisted|p1a: Clodsire\n|-damage|p1a: Clodsire|52/100\n|-unboost|p2a: Pawmot|def|1\n|-unboost|p2a: Pawmot|spd|1\n|\n|-weather|RainDance|[upkeep]\n|upkeep\n|turn|10\n|\n|t:|1789761623\n|switch|p2a: Corviknight|Corviknight|100/100\n|-ability|p2a: Corviknight|Pressure\n|switch|p1a: Enamorus|Enamorus-Therian|100/100\n|\n|-weather|RainDance|[upkeep]\n|upkeep\n|turn|11\n|\n|t:|1789761626\n|move|p2a: Corviknight|Iron Head|p1a: Enamorus\n|-supereffective|p1a: Enamorus\n|-damage|p1a: Enamorus|53/100\n|move|p1a: Enamorus|Calm Mind|p1a: Enamorus\n|-boost|p1a: Enamorus|spa|1\n|-boost|p1a: Enamorus|spd|1\n|\n|-weather|RainDance|[upkeep]\n|upkeep\n|turn|12\n|\n|t:|1789761628\n|switch|p1a: Spiritomb|Spiritomb|100/100\n|-damage|p1a: Spiritomb|88/100|[from] Stealth Rock\n|move|p2a: Corviknight|Iron Head|p1a: Spiritomb\n|-damage|p1a: Spiritomb|69/100\n|\n|-weather|none\n|-heal|p1a: Spiritomb|75/100|[from] item: Leftovers\n|upkeep\n|turn|13\n|\n|t:|1789761631\n|move|p2a: Corviknight|U-turn|p1a: Spiritomb\n|-damage|p1a: Spiritomb|63/100\n|\n|t:|1789761632\n|switch|p2a: Pawmot|Pawmot|100/100|[from] U-turn\n|move|p1a: Spiritomb|Will-O-Wisp|p2a: Pawmot\n|-status|p2a: Pawmot|brn\n|\n|-heal|p1a: Spiritomb|69/100|[from] item: Leftovers\n|-damage|p2a: Pawmot|94/100 brn|[from] brn\n|upkeep\n|turn|14\n|\n|t:|1789761635\n|move|p2a: Pawmot|Revival Blessing|p2a: Pawmot\n|\n|t:|1789761637\n|-heal|p2: Tinkaton|50/100|[from] move: Revival Blessing\n|move|p1a: Spiritomb|Soul Toll|p2a: Pawmot\n|-damage|p2a: Pawmot|0 fnt\n|faint|p2a: Pawmot\n|\n|-heal|p1a: Spiritomb|75/100|[from] item: Leftovers\n|upkeep\n|\n|t:|1789761642\n|switch|p2a: Haxorus|Haxorus|100/100\n|-ability|p2a: Haxorus|Mold Breaker\n|turn|15\n|\n|t:|1789761645\n|switch|p1a: Enamorus|Enamorus-Therian|53/100\n|move|p2a: Haxorus|Hone Claws|p2a: Haxorus\n|-boost|p2a: Haxorus|atk|1\n|-boost|p2a: Haxorus|accuracy|1\n|\n|upkeep\n|turn|16\n|\n|t:|1789761647\n|-start|p2a: Haxorus|Dynamax|\n|-heal|p2a: Haxorus|100/100|[silent]\n|move|p2a: Haxorus|Max Steelspike|p1a: Enamorus\n|-supereffective|p1a: Enamorus\n|-damage|p1a: Enamorus|0 fnt\n|-boost|p2a: Haxorus|def|1\n|faint|p1a: Enamorus\n|\n|upkeep\n|\n|t:|1789761647\n|switch|p1a: Roserade|Roserade|100/100\n|-damage|p1a: Roserade|88/100|[from] Stealth Rock\n|-ability|p1a: Roserade|Masquerade\n|-start|p2a: Haxorus|move: Taunt\n|turn|17\n|\n|t:|1789761656\n|move|p1a: Roserade|Sludge Bomb|p2a: Haxorus\n|-damage|p2a: Haxorus|67/100\n|move|p2a: Haxorus|Max Quake|p1a: Roserade\n|-damage|p1a: Roserade|0 fnt\n|-boost|p2a: Haxorus|spd|1\n|faint|p1a: Roserade\n|\n|upkeep\n|\n|t:|1789761656\n|switch|p1a: Clodsire|Clodsire|52/100\n|turn|18\n|\n|t:|1789761662\n|move|p2a: Haxorus|Max Quake|p1a: Clodsire\n|-supereffective|p1a: Clodsire\n|-damage|p1a: Clodsire|0 fnt\n|-boost|p2a: Haxorus|spd|1\n|faint|p1a: Clodsire\n|\n|upkeep\n|\n|t:|1789761662\n|switch|p1a: Spiritomb|Spiritomb|75/100\n|-damage|p1a: Spiritomb|63/100|[from] Stealth Rock\n|-end|p2a: Haxorus|Dynamax\n|-heal|p2a: Haxorus|67/100|[silent]\n|turn|19\n|\n|t:|1789761665\n|move|p2a: Haxorus|Scale Shot|p1a: Spiritomb\n|-damage|p1a: Spiritomb|46/100\n|-damage|p1a: Spiritomb|30/100\n|-damage|p1a: Spiritomb|12/100\n|-damage|p1a: Spiritomb|0 fnt\n|faint|p1a: Spiritomb\n|-hitcount|p1: Spiritomb|4\n|-unboost|p2a: Haxorus|def|1\n|-boost|p2a: Haxorus|spe|1\n|\n|upkeep\n|\n|t:|1789761665\n|switch|p1a: Empoleon|Empoleon|24/100\n|-damage|p1a: Empoleon|18/100|[from] Stealth Rock\n|turn|20\n|\n|t:|1789761671\n|move|p2a: Haxorus|Earthquake|p1a: Empoleon\n|-supereffective|p1a: Empoleon\n|-damage|p1a: Empoleon|0 fnt\n|faint|p1a: Empoleon\n|\n|win|TheRealWhimsicott\n",
	"inputlog": ">start {\"formatid\":\"gen9rpou\",\"seed\":\"sodium,0019c21961bfdef5576c3364c592c01e\",\"rated\":\"Rated battle\"}\n>player p1 {\"name\":\"Bunny Stockfish\",\"avatar\":\"bunny.png\",\"team\":\"Clodsire||HeavyDutyBoots|Unaware|Earthquake,Recover,Toxic,Amnesia|Careful|248,,8,,252,|N||||,,,,,Steel]Roserade||FocusSash|Masquerade|ThornedBouquet,SludgeBomb,SolarNectar,Spikes|Timid|,,,252,4,252|N||||,,,,,Grass]Enamorus|EnamorusTherian|HeavyDutyBoots|Overcoat|CalmMind,Moonblast,EarthPower,Taunt|Modest|248,,,184,,76|N||||,,,,,Ground]Empoleon||Leftovers|EmperorsPride|ImperialTorrent,Roost,StealthRock,RoyalDecree|Calm|252,,4,,252,|N||||,,,,,Flying]Spiritomb||Leftovers|KeystoneLegion|SoulToll,StrengthSap,WillOWisp,CarrionFeast|Calm|252,,4,,252,|N||||,,,,,Fairy]Moltres||HeavyDutyBoots|FlameBody|Flamethrower,Roost,Uturn,WillOWisp|Bold|248,,248,,,12|N||||,,,,,Grass\",\"rating\":1333}\n>player p2 {\"name\":\"TheRealWhimsicott\",\"avatar\":\"266\",\"team\":\"Kingambit||BlackGlasses|SupremeOverlord|KnockOff,IronHead,SuckerPunch,SwordsDance|Adamant|252,252,,,4,|N||||,,,,,Dark]Haxorus||LoadedDice|MoldBreaker|HoneClaws,ScaleShot,Earthquake,IronHead|Jolly|4,252,,,,252|N||||,,,,,Steel]Pawmot||ChoiceBand|IronFist|RevivalBlessing,SparkScamper,CloseCombat,DoubleShock|Jolly|4,252,,,,252|N||||,,,,,Electric]Glaceon||ChoiceSpecs|DiamondDust|EarthPower,FreezeDry,FocusBlast,Blizzard|Modest|,,,252,4,252|N|,0,,,,|||,,,,,Ice]Tinkaton||AirBalloon|MoldBreaker|GigatonHammer,CragHammer,StealthRock,Encore|Jolly|,252,,,4,252|F||||,,,,,Fairy]Corviknight||Leftovers|Pressure|Roost,Uturn,Protect,IronHead|Impish|252,,252,,4,|N||||,,,,,Flying\",\"rating\":1396}\n>chat ☆Bunny Stockfish|Good luck! Playing on **stockfish**.\n>p1 team 4, 2, 6, 3, 5, 1\n>p2 team 5, 2, 3, 4, 1, 6\n>p1 move imperialtorrent\n>p2 move stealthrock\n>p1 move imperialtorrent\n>p2 move encore\n>p2 switch 3\n>p1 switch 6\n>p2 move doubleshock\n>p1 move earthquake\n>p2 switch 4\n>p1 switch 3\n>p2 move freezedry terastallize\n>p1 move flamethrower\n>p2 move freezedry\n>p1 switch 6\n>p1 move imperialtorrent\n>p2 move freezedry\n>p1 move imperialtorrent dynamax\n>p2 move freezedry\n>p2 switch 4\n>p1 switch 3\n>p2 move closecombat\n>p1 switch 4\n>p2 switch 6\n>p1 move calmmind\n>p2 move ironhead\n>p1 switch 5\n>p2 move ironhead\n>p1 move willowisp\n>p2 move uturn\n>p2 switch 6\n>p1 move soultoll\n>p2 move revivalblessing\n>p2 switch 3\n>p2 switch 2\n>p1 switch 5\n>p2 move honeclaws\n>p1 move moonblast\n>p2 move ironhead dynamax\n>p1 switch 2\n>p1 move sludgebomb\n>p2 move earthquake dynamax\n>p1 switch 4\n>p1 move earthquake\n>p2 move earthquake dynamax\n>p1 switch 5\n>p1 move soultoll\n>p2 move scaleshot\n>p1 switch 3\n>p1 move imperialtorrent\n>p2 move earthquake",
	"uploadtime": 1789761671
}