{
	"id": "gen9rpou-5-tlj07m",
	"format": "[Gen 9] RP OU",
	"players": [
		"Bunny Stockfish",
		"SlimeQueenSamantha"
	],
	"rating": null,
	"log": "|j|☆Bunny Stockfish\n|j|☆SlimeQueenSamantha\n|t:|1789678143\n|gametype|singles\n|badge|p1|silver|gen9rpou|2-2\n|badge|p2|gold|gen9rpou|1-1\n|player|p1|Bunny Stockfish|bunny.png|1393\n|player|p2|SlimeQueenSamantha|queen.png|1574\n|gen|9\n|tier|[Gen 9] RP OU\n|rated|\n|rule|HP Percentage Mod: HP is shown in percentages\n|rule|Endless Battle Clause: Forcing endless battles is banned\n|rule|Species Clause: Limit one of each Pokémon\n|rule|OHKO Clause: OHKO moves are banned\n|rule|Evasion Clause: Evasion abilities, items, and moves are banned\n|rule|Evasion Abilities Clause: Evasion abilities are banned\n|rule|Evasion Items Clause: Evasion items are banned\n|rule|Evasion Moves Clause: Evasion moves are banned\n|rule|Sleep Clause Mod: Limit one foe put to sleep\n|clearpoke\n|poke|p1|Blissey|\n|poke|p1|Glaceon|\n|poke|p1|Simipour|\n|poke|p1|Hatterene|\n|poke|p1|Ogerpon|\n|poke|p1|Spiritomb|\n|poke|p2|Regieleki|\n|poke|p2|Magearna|\n|poke|p2|Dragonite|\n|poke|p2|Glaceon|\n|poke|p2|Diancie|\n|poke|p2|Garchomp|\n|teampreview\n|c|☆Bunny Stockfish|Good luck! Playing on **stockfish**.\n|\n|t:|1789678148\n|teamsize|p1|6\n|teamsize|p2|6\n|start\n|switch|p1a: Simipour|Simipour|100/100\n|switch|p2a: Regieleki|Regieleki|100/100\n|-weather|RainDance|[from] ability: Tidal Surge|[of] p1a: Simipour\n|turn|1\n|\n|t:|1789678152\n|-terastallize|p1a: Simipour|Water\n|-activate|p1a: Simipour|item: Elemental Banana\n|move|p2a: Regieleki|Thunderbolt|p1a: Simipour\n|-supereffective|p1a: Simipour\n|-damage|p1a: Simipour|0 fnt\n|faint|p1a: Simipour\n|\n|-weather|RainDance|[upkeep]\n|upkeep\n|\n|t:|1789678152\n|switch|p1a: Glaceon|Glaceon|100/100\n|-weather|Snowscape|[from] ability: Diamond Dust|[of] p1a: Glaceon\n|turn|2\n|\n|t:|1789678157\n|-start|p1a: Glaceon|Dynamax|\n|-heal|p1a: Glaceon|100/100|[silent]\n|move|p2a: Regieleki|Light Screen|p2a: Regieleki\n|-sidestart|p2: SlimeQueenSamantha|move: Light Screen\n|move|p1a: Glaceon|Max Quake|p2a: Regieleki\n|-supereffective|p2a: Regieleki\n|-damage|p2a: Regieleki|10/100\n|-boost|p1a: Glaceon|spd|1\n|-damage|p1a: Glaceon|96/100|[from] item: Life Orb\n|\n|-weather|Snowscape|[upkeep]\n|upkeep\n|turn|3\n|\n|t:|1789678164\n|move|p2a: Regieleki|Reflect|p2a: Regieleki\n|-sidestart|p2: SlimeQueenSamantha|Reflect\n|move|p1a: Glaceon|Max Quake|p2a: Regieleki\n|-supereffective|p2a: Regieleki\n|-damage|p2a: Regieleki|0 fnt\n|-boost|p1a: Glaceon|spd|1\n|faint|p2a: Regieleki\n|-damage|p1a: Glaceon|91/100|[from] item: Life Orb\n|\n|-weather|Snowscape|[upkeep]\n|upkeep\n|\n|t:|1789678168\n|switch|p2a: Diancie|Diancie|100/100\n|turn|4\n|\n|t:|1789678171\n|detailschange|p2a: Diancie|Diancie-Mega\n|-mega|p2a: Diancie|Diancie|Diancite\n|move|p1a: Glaceon|Max Quake|p2a: Diancie\n|-supereffective|p2a: Diancie\n|-damage|p2a: Diancie|34/100\n|-boost|p1a: Glaceon|spd|1\n|-damage|p1a: Glaceon|86/100|[from] item: Life Orb\n|move|p2a: Diancie|Diamond Storm|p1a: Glaceon\n|-supereffective|p1a: Glaceon\n|-damage|p1a: Glaceon|45/100\n|\n|-weather|Snowscape|[upkeep]\n|upkeep\n|-end|p1a: Glaceon|Dynamax\n|-heal|p1a: Glaceon|45/100|[silent]\n|turn|5\n|\n|t:|1789678188\n|switch|p2a: Dragonite|Dragonite|100/100\n|move|p1a: Glaceon|Earth Power|p2a: Dragonite\n|-immune|p2a: Dragonite\n|\n|-weather|Snowscape|[upkeep]\n|upkeep\n|turn|6\n|\n|t:|1789678192\n|switch|p2a: Diancie|Diancie-Mega|34/100\n|move|p1a: Glaceon|Blizzard|p2a: Diancie\n|-damage|p2a: Diancie|0 fnt\n|faint|p2a: Diancie\n|detailschange|p2: Diancie|Diancie|[silent]\n|-damage|p1a: Glaceon|35/100|[from] item: Life Orb\n|\n|-weather|none\n|upkeep\n|\n|t:|1789678198\n|switch|p2a: Magearna|Magearna|100/100\n|turn|7\n|\n|t:|1789678200\n|switch|p1a: Blissey|Blissey|100/100\n|move|p2a: Magearna|Calm Mind|p2a: Magearna\n|-boost|p2a: Magearna|spa|1\n|-boost|p2a: Magearna|spd|1\n|\n|upkeep\n|turn|8\n|\n|t:|1789678202\n|move|p2a: Magearna|Calm Mind|p2a: Magearna\n|-boost|p2a: Magearna|spa|1\n|-boost|p2a: Magearna|spd|1\n|move|p1a: Blissey|Calm Mind|p1a: Blissey\n|-boost|p1a: Blissey|spa|1\n|-boost|p1a: Blissey|spd|1\n|\n|upkeep\n|turn|9\n|\n|t:|1789678204\n|move|p2a: Magearna|Calm Mind|p2a: Magearna\n|-boost|p2a: Magearna|spa|1\n|-boost|p2a: Magearna|spd|1\n|move|p1a: Blissey|Calm Mind|p1a: Blissey\n|-boost|p1a: Blissey|spa|1\n|-boost|p1a: Blissey|spd|1\n|\n|-sideend|p2: SlimeQueenSamantha|move: Light Screen\n|upkeep\n|turn|10\n|\n|t:|1789678205\n|move|p2a: Magearna|Calm Mind|p2a: Magearna\n|-boost|p2a: Magearna|spa|1\n|-boost|p2a: Magearna|spd|1\n|move|p1a: Blissey|Calm Mind|p1a: Blissey\n|-boost|p1a: Blissey|spa|1\n|-boost|p1a: Blissey|spd|1\n|\n|-sideend|p2: SlimeQueenSamantha|Reflect\n|upkeep\n|turn|11\n|\n|t:|1789678206\n|move|p2a: Magearna|Calm Mind|p2a: Magearna\n|-boost|p2a: Magearna|spa|1\n|-boost|p2a: Magearna|spd|1\n|move|p1a: Blissey|Calm Mind|p1a: Blissey\n|-boost|p1a: Blissey|spa|1\n|-boost|p1a: Blissey|spd|1\n|\n|upkeep\n|turn|12\n|\n|t:|1789678207\n|move|p2a: Magearna|Calm Mind|p2a: Magearna\n|-boost|p2a: Magearna|spa|1\n|-boost|p2a: Magearna|spd|1\n|move|p1a: Blissey|Seismic Toss|p2a: Magearna\n|-damage|p2a: Magearna|67/100\n|\n|upkeep\n|turn|13\n|\n|t:|1789678208\n|move|p2a: Magearna|Shift Gear|p2a: Magearna\n|-boost|p2a: Magearna|spe|2\n|-boost|p2a: Magearna|atk|1\n|move|p1a: Blissey|Seismic Toss|p2a: Magearna\n|-damage|p2a: Magearna|34/100\n|\n|upkeep\n|turn|14\n|\n|t:|1789678210\n|move|p2a: Magearna|Draining Kiss|p1a: Blissey\n|-damage|p1a: Blissey|89/100\n|-heal|p2a: Magearna|52/100|[from] drain|[of] p1a: Blissey\n|move|p1a: Blissey|Seismic Toss|p2a: Magearna\n|-damage|p2a: Magearna|19/100\n|\n|-heal|p1a: Blissey|95/100|[from] item: Leftovers\n|upkeep\n|turn|15\n|\n|t:|1789678214\n|move|p2a: Magearna|Stored Power|p1a: Blissey\n|-damage|p1a: Blissey|51/100\n|move|p1a: Blissey|Flamethrower|p2a: Magearna\n|-supereffective|p2a: Magearna\n|-damage|p2a: Magearna|0 fnt\n|faint|p2a: Magearna\n|\n|-heal|p1a: Blissey|58/100|[from] item: Leftovers\n|upkeep\n|\n|t:|1789678219\n|switch|p2a: Garchomp|Garchomp|100/100\n|turn|16\n|\n|t:|1789678226\n|move|p2a: Garchomp|Swords Dance|p2a: Garchomp\n|-boost|p2a: Garchomp|atk|2\n|move|p1a: Blissey|Seismic Toss|p2a: Garchomp\n|-damage|p2a: Garchomp|72/100\n|-damage|p1a: Blissey|45/100|[from] ability: Rough Skin|[of] p2a: Garchomp\n|\n|-heal|p1a: Blissey|51/100|[from] item: Leftovers\n|upkeep\n|turn|17\n|\n|t:|1789678229\n|move|p2a: Garchomp|Swords Dance|p2a: Garchomp\n|-boost|p2a: Garchomp|atk|2\n|move|p1a: Blissey|Seismic Toss|p2a: Garchomp\n|-damage|p2a: Garchomp|44/100\n|-damage|p1a: Blissey|39/100|[from] ability: Rough Skin|[of] p2a: Garchomp\n|\n|-heal|p1a: Blissey|45/100|[from] item: Leftovers\n|upkeep\n|turn|18\n|\n|t:|1789678230\n|move|p2a: Garchomp|Scale Shot|p1a: Blissey\n|-crit|p1a: Blissey\n|-damage|p1a: Blissey|0 fnt\n|faint|p1a: Blissey\n|-hitcount|p1: Blissey|1\n|-unboost|p2a: Garchomp|def|1\n|-boost|p2a: Garchomp|spe|1\n|\n|upkeep\n|\n|t:|1789678230\n|switch|p1a: Glaceon|Glaceon|35/100\n|-weather|Snowscape|[from] ability: Diamond Dust|[of] p1a: Glaceon\n|turn|19\n|\n|t:|1789678234\n|move|p1a: Glaceon|Blizzard|p2a: Garchomp\n|-supereffective|p2a: Garchomp\n|-damage|p2a: Garchomp|0 fnt\n|faint|p2a: Garchomp\n|-damage|p1a: Glaceon|25/100|[from] item: Life Orb\n|\n|-weather|Snowscape|[upkeep]\n|upkeep\n|\n|t:|1789678237\n|switch|p2a: Glaceon|Glaceon|100/100\n|turn|20\n|\n|t:|1789678240\n|move|p1a: Glaceon|Earth Power|p2a: Glaceon\n|-damage|p2a: Glaceon|44/100\n|-damage|p1a: Glaceon|15/100|[from] item: Life Orb\n|move|p2a: Glaceon|Blizzard|p1a: Glaceon\n|-resisted|p1a: Glaceon\n|-damage|p1a: Glaceon|0 fnt\n|faint|p1a: Glaceon\n|-damage|p2a: Glaceon|34/100|[from] item: Life Orb\n|\n|-weather|Snowscape|[upkeep]\n|upkeep\n|\n|t:|1789678240\n|switch|p1a: Hatterene|Hatterene|100/100\n|turn|21\n|\n|t:|1789678243\n|move|p2a: Glaceon|Aurora Veil|p2a: Glaceon\n|-sidestart|p2: SlimeQueenSamantha|move: Aurora Veil\n|move|p1a: Hatterene|Dazzling Gleam|p2a: Glaceon\n|-damage|p2a: Glaceon|1/100\n|\n|-weather|Snowscape|[upkeep]\n|upkeep\n|turn|22\n|\n|t:|1789678246\n|move|p2a: Glaceon|Blizzard|p1a: Hatterene\n|-damage|p1a: Hatterene|16/100\n|-damage|p2a: Glaceon|0 fnt|[from] item: Life Orb\n|faint|p2a: Glaceon\n|move|p1a: Hatterene|Dazzling Gleam|p2: Glaceon|[notarget]\n|-fail|p1a: Hatterene\n|\n|-weather|Snowscape|[upkeep]\n|upkeep\n|\n|t:|1789678248\n|switch|p2a: Dragonite|Dragonite|100/100\n|turn|23\n|\n|t:|1789678288\n|move|p2a: Dragonite|Dragon Dance|p2a: Dragonite\n|-boost|p2a: Dragonite|atk|1\n|-boost|p2a: Dragonite|spe|1\n|move|p1a: Hatterene|Dazzling Gleam|p2a: Dragonite\n|-supereffective|p2a: Dragonite\n|-damage|p2a: Dragonite|74/100\n|\n|-weather|none\n|upkeep\n|turn|24\n|\n|t:|1789678291\n|move|p2a: Dragonite|Dragon Dance|p2a: Dragonite\n|-boost|p2a: Dragonite|atk|1\n|-boost|p2a: Dragonite|spe|1\n|move|p1a: Hatterene|Dazzling Gleam|p2a: Dragonite\n|-supereffective|p2a: Dragonite\n|-damage|p2a: Dragonite|26/100\n|\n|upkeep\n|turn|25\n|\n|t:|1789678296\n|move|p2a: Dragonite|Extreme Speed|p1a: Hatterene\n|-damage|p1a: Hatterene|0 fnt\n|faint|p1a: Hatterene\n|\n|-sideend|p2: SlimeQueenSamantha|move: Aurora Veil\n|upkeep\n|\n|t:|1789678296\n|switch|p1a: Spiritomb|Spiritomb|100/100\n|turn|26\n|\n|t:|1789678303\n|-start|p2a: Dragonite|Dynamax|\n|-heal|p2a: Dragonite|26/100|[silent]\n|move|p2a: Dragonite|Max Quake|p1a: Spiritomb\n|-crit|p1a: Spiritomb\n|-ability|p1a: Spiritomb|Keystone Legion\n|-message|The spirits of the keystone shield Spiritomb!\n|-start|p2a: Dragonite|Curse|[of] p1a: Spiritomb\n|-damage|p1a: Spiritomb|1/100\n|-boost|p2a: Dragonite|spd|1\n|move|p1a: Spiritomb|Soul Toll|p2a: Dragonite\n|-damage|p2a: Dragonite|6/100\n|-heal|p1a: Spiritomb|18/100|[from] drain|[of] p2a: Dragonite\n|\n|-heal|p1a: Spiritomb|25/100|[from] item: Leftovers\n|-damage|p2a: Dragonite|0 fnt|[from] Curse\n|faint|p2a: Dragonite\n|-message|A soul joins the legion. Spiritomb's keystone mends!\n|\n|win|Bunny Stockfish\n",
	"inputlog": ">start {\"formatid\":\"gen9rpou\",\"seed\":\"sodium,5ab803c768ad2eced4dc8f62f3a2c7ae\",\"rated\":\"Rated battle\"}\n>player p1 {\"name\":\"Bunny Stockfish\",\"avatar\":\"bunny.png\",\"team\":\"Blissey||Leftovers|SereneGrace|SoftBoiled,CalmMind,SeismicToss,Flamethrower|Calm|4,,252,,252,|N|,0,,,,|||,,,,,Water]Glaceon||LifeOrb|DiamondDust|Blizzard,EarthPower,SparkScamper,FreezeDry|Timid|,,,252,4,252|N||||,,,,,Ice]Simipour||ElementalBanana|TidalSurge|TorrentRush,Uturn,FlipTurn,Liquidation|Jolly|,252,,,4,252|N||||,,,,,Water]Hatterene||FocusSash|MagicBounce|TrickRoom,PsychicNoise,DazzlingGleam,HealingWish|Quiet|252,,4,252,,|N|,0,,,,0|||,,,,,Water]Ogerpon||HeavyDutyBoots|Defiant|SwordsDance,IvyCudgel,KnockOff,Encore|Jolly|,252,4,,,252|N||||,,,,,Grass]Spiritomb||Leftovers|KeystoneLegion|SoulToll,StrengthSap,WillOWisp,PartingShot|Calm|252,,4,,252,|N||||,,,,,Fairy\",\"rating\":1393}\n>player p2 {\"name\":\"SlimeQueenSamantha\",\"avatar\":\"queen.png\",\"team\":\"Regieleki||LightClay|Transistor|LightScreen,Reflect,Explosion,Thunderbolt|Hasty|252,4,,,,252|N||||,,,,,Electric]Magearna||WeaknessPolicy|SoulHeart|CalmMind,ShiftGear,DrainingKiss,StoredPower|Timid|,,4,252,,252|N|,0,,,,|||,,,,,Fire]Dragonite||HeavyDutyBoots|Multiscale|DragonDance,ExtremeSpeed,IceSpinner,Earthquake|Adamant|,252,,,4,252|N||||,,,,,Dragon]Glaceon||LifeOrb|DiamondDust|Blizzard,FreezeDry,AuroraVeil,EarthPower|Modest|,,,252,4,252|N|,0,,,,|||,,,,,Ice]Diancie||Diancite|ClearBody|DiamondStorm,Moonblast,Explosion,Spikes|Hasty|108,,,184,,216|N||||,,,,,Rock]Garchomp||FiriumZ|RoughSkin|SwordsDance,Earthquake,ScaleShot,FireBlast|Naive|,252,,4,,252|N||||,,,,,Dragon\",\"rating\":1574}\n>chat ☆Bunny Stockfish|Good luck! Playing on **stockfish**.\n>p1 team 3, 5, 2, 1, 6, 4\n>p2 team 1, 2, 3, 4, 5, 6\n>p1 move liquidation terastallize\n>p2 move thunderbolt\n>p1 switch 3\n>p1 move earthpower dynamax\n>p2 move lightscreen\n>p1 move earthpower dynamax\n>p2 move reflect\n>p2 switch 5\n>p1 move earthpower dynamax\n>p2 move diamondstorm mega\n>p1 move earthpower\n>p2 switch 3\n>p1 move blizzard\n>p2 switch 3\n>p2 switch 2\n>p1 switch 4\n>p2 move calmmind\n>p1 move calmmind\n>p2 move calmmind\n>p1 move calmmind\n>p2 move calmmind\n>p1 move calmmind\n>p2 move calmmind\n>p1 move calmmind\n>p2 move calmmind\n>p1 move seismictoss\n>p2 move calmmind\n>p1 move seismictoss\n>p2 move shiftgear\n>p1 move seismictoss\n>p2 move drainingkiss\n>p1 move flamethrower\n>p2 move storedpower\n>p2 switch 6\n>p1 move seismictoss\n>p2 move swordsdance\n>p1 move seismictoss\n>p2 move swordsdance\n>p1 move seismictoss\n>p2 move scaleshot\n>p1 switch 4\n>p1 move blizzard\n>p2 move scaleshot\n>p2 switch 4\n>p1 move earthpower\n>p2 move blizzard\n>p1 switch 6\n>p1 move dazzlinggleam\n>p2 move auroraveil\n>p1 move dazzlinggleam\n>p2 move blizzard\n>p2 switch 3\n>p1 move dazzlinggleam\n>p2 move dragondance\n>p1 move dazzlinggleam\n>p2 move dragondance\n>p1 move dazzlinggleam\n>p2 move extremespeed\n>p1 switch 5\n>p1 move soultoll\n>p2 move earthquake dynamax",
	"uploadtime": 1789678303
}