{
	"id": "gen9rpou-8-tm5heg",
	"format": "[Gen 9] RP OU",
	"players": [
		"Bunny Stockfish",
		"SlimeQueenSamantha"
	],
	"rating": null,
	"log": "|j|☆Bunny Stockfish\n|j|☆SlimeQueenSamantha\n|t:|1790730915\n|gametype|singles\n|badge|p1|bronze|gen9rpou|3-3\n|badge|p2|silver|gen9rpou|2-2\n|player|p1|Bunny Stockfish|bunny.png|1332\n|player|p2|SlimeQueenSamantha|queen.png|1481\n|gen|9\n|tier|[Gen 9] RP OU\n|rated|\n|rule|HP Percentage Mod: HP is shown in percentages\n|rule|Endless Battle Clause: Forcing endless battles is banned\n|rule|Species Clause: Limit one of each Pokémon\n|rule|OHKO Clause: OHKO moves are banned\n|rule|Evasion Clause: Evasion abilities, items, and moves are banned\n|rule|Evasion Abilities Clause: Evasion abilities are banned\n|rule|Evasion Items Clause: Evasion items are banned\n|rule|Evasion Moves Clause: Evasion moves are banned\n|rule|Sleep Clause Mod: Limit one foe put to sleep\n|clearpoke\n|poke|p1|Corviknight|\n|poke|p1|Pecharunt|\n|poke|p1|Roserade|\n|poke|p1|Mandibuzz|\n|poke|p1|Flareon|\n|poke|p1|Blissey|\n|poke|p2|Lugia|\n|poke|p2|Blissey|\n|poke|p2|Registeel|\n|poke|p2|Umbreon|\n|poke|p2|Spiritomb|\n|poke|p2|Clodsire|\n|teampreview\n|c|☆Bunny Stockfish|Good luck! Playing on **stockfish**.\n|\n|t:|1790730925\n|teamsize|p1|6\n|teamsize|p2|6\n|start\n|switch|p1a: Corviknight|Corviknight|100/100\n|switch|p2a: Blissey|Blissey|100/100\n|-ability|p1a: Corviknight|Pressure\n|turn|1\n|\n|t:|1790730928\n|-terastallize|p1a: Corviknight|Flying\n|move|p1a: Corviknight|Drill Peck|p2a: Blissey\n|-damage|p2a: Blissey|72/100\n|move|p2a: Blissey|Stealth Rock|p1a: Corviknight\n|-sidestart|p1: Bunny Stockfish|move: Stealth Rock\n|\n|upkeep\n|turn|2\n|\n|t:|1790730932\n|switch|p2a: Clodsire|Clodsire|100/100\n|move|p1a: Corviknight|Drill Peck|p2a: Clodsire\n|-damage|p2a: Clodsire|73/100\n|\n|upkeep\n|turn|3\n|\n|t:|1790730934\n|move|p1a: Corviknight|Defog|p2a: Clodsire\n|-unboost|p2a: Clodsire|evasion|1\n|-sideend|p1: Bunny Stockfish|Stealth Rock|[from] move: Defog|[of] p1a: Corviknight\n|move|p2a: Clodsire|Toxic Spikes|p1a: Corviknight\n|-sidestart|p1: Bunny Stockfish|move: Toxic Spikes\n|\n|upkeep\n|turn|4\n|\n|t:|1790730936\n|move|p1a: Corviknight|Drill Peck|p2a: Clodsire\n|-damage|p2a: Clodsire|44/100\n|move|p2a: Clodsire|Toxic Spikes|p1a: Corviknight\n|-sidestart|p1: Bunny Stockfish|move: Toxic Spikes\n|\n|upkeep\n|turn|5\n|\n|t:|1790730938\n|move|p1a: Corviknight|Drill Peck|p2a: Clodsire\n|-damage|p2a: Clodsire|20/100\n|move|p2a: Clodsire|Recover|p2a: Clodsire\n|-heal|p2a: Clodsire|70/100\n|\n|upkeep\n|turn|6\n|\n|t:|1790730940\n|move|p1a: Corviknight|Drill Peck|p2a: Clodsire\n|-damage|p2a: Clodsire|42/100\n|move|p2a: Clodsire|Recover|p2a: Clodsire\n|-heal|p2a: Clodsire|92/100\n|\n|upkeep\n|turn|7\n|\n|t:|1790730943\n|switch|p2a: Spiritomb|Spiritomb, shiny|100/100\n|move|p1a: Corviknight|Drill Peck|p2a: Spiritomb\n|-damage|p2a: Spiritomb|75/100\n|\n|-heal|p2a: Spiritomb|81/100|[from] item: Leftovers\n|upkeep\n|turn|8\n|\n|t:|1790730946\n|move|p1a: Corviknight|Defog|p2a: Spiritomb\n|-unboost|p2a: Spiritomb|evasion|1\n|-sideend|p1: Bunny Stockfish|Toxic Spikes|[from] move: Defog|[of] p1a: Corviknight\n|move|p2a: Spiritomb|Will-O-Wisp|p1a: Corviknight\n|-status|p1a: Corviknight|brn\n|\n|-heal|p2a: Spiritomb|87/100|[from] item: Leftovers\n|-damage|p1a: Corviknight|94/100 brn|[from] brn\n|upkeep\n|turn|9\n|\n|t:|1790730948\n|move|p1a: Corviknight|Drill Peck|p2a: Spiritomb\n|-damage|p2a: Spiritomb|75/100\n|move|p2a: Spiritomb|Soul Toll|p1a: Corviknight\n|-damage|p1a: Corviknight|59/100 brn\n|\n|-heal|p2a: Spiritomb|81/100|[from] item: Leftovers\n|-damage|p1a: Corviknight|53/100 brn|[from] brn\n|upkeep\n|turn|10\n|\n|t:|1790730954\n|move|p1a: Corviknight|Roost|p1a: Corviknight\n|-heal|p1a: Corviknight|100/100 brn\n|-hint|If a Terastallized Pokemon uses Roost, it remains Flying-type.\n|move|p2a: Spiritomb|Strength Sap|p1a: Corviknight\n|-unboost|p1a: Corviknight|atk|1\n|-heal|p2a: Spiritomb|100/100\n|\n|-damage|p1a: Corviknight|94/100 brn|[from] brn\n|upkeep\n|turn|11\n|\n|t:|1790730957\n|switch|p1a: Mandibuzz|Mandibuzz|100/100\n|move|p2a: Spiritomb|Soul Toll|p1a: Mandibuzz\n|-resisted|p1a: Mandibuzz\n|-damage|p1a: Mandibuzz|93/100\n|\n|upkeep\n|turn|12\n|\n|t:|1790730959\n|move|p1a: Mandibuzz|Toxic|p2a: Spiritomb\n|-status|p2a: Spiritomb|tox\n|move|p2a: Spiritomb|Will-O-Wisp|p1a: Mandibuzz\n|-status|p1a: Mandibuzz|brn\n|\n|-damage|p2a: Spiritomb|94/100 tox|[from] psn\n|-damage|p1a: Mandibuzz|87/100 brn|[from] brn\n|upkeep\n|turn|13\n|\n|t:|1790730963\n|switch|p1a: Pecharunt|Pecharunt|100/100\n|move|p2a: Spiritomb|Parting Shot|p1a: Pecharunt\n|-unboost|p1a: Pecharunt|atk|1\n|-unboost|p1a: Pecharunt|spa|1\n|\n|t:|1790730969\n|switch|p2a: Blissey|Blissey|72/100|[from] Parting Shot\n|\n|upkeep\n|turn|14\n|\n|t:|1790730972\n|move|p1a: Pecharunt|Toxic|p2a: Blissey\n|-status|p2a: Blissey|tox\n|-start|p2a: Blissey|confusion|[from] ability: Poison Puppeteer|[of] p1a: Pecharunt\n|-activate|p2a: Blissey|confusion\n|move|p2a: Blissey|Stealth Rock|p1a: Pecharunt\n|-sidestart|p1: Bunny Stockfish|move: Stealth Rock\n|\n|-damage|p2a: Blissey|65/100 tox|[from] psn\n|upkeep\n|turn|15\n|\n|t:|1790730974\n|switch|p1a: Corviknight|Corviknight, tera:Flying|94/100 brn\n|-damage|p1a: Corviknight|69/100 brn|[from] Stealth Rock\n|-ability|p1a: Corviknight|Pressure\n|-end|p2a: Blissey|confusion\n|move|p2a: Blissey|Soft-Boiled|p2a: Blissey\n|-heal|p2a: Blissey|100/100 tox\n|\n|-damage|p2a: Blissey|88/100 tox|[from] psn\n|-damage|p1a: Corviknight|63/100 brn|[from] brn\n|upkeep\n|turn|16\n|\n|t:|1790730980\n|-curestatus|p2a: Blissey|tox|[silent]\n|-curestatus|p2: Spiritomb|tox|[silent]\n|-cureteam|p2a: Blissey|[from] ability: Caretaker\n|switch|p2a: Spiritomb|Spiritomb, shiny|94/100\n|move|p1a: Corviknight|Defog|p2a: Spiritomb\n|-unboost|p2a: Spiritomb|evasion|1\n|-sideend|p1: Bunny Stockfish|Stealth Rock|[from] move: Defog|[of] p1a: Corviknight\n|\n|-heal|p2a: Spiritomb|100/100|[from] item: Leftovers\n|-damage|p1a: Corviknight|57/100 brn|[from] brn\n|upkeep\n|turn|17\n|\n|t:|1790730988\n|move|p1a: Corviknight|Roost|p1a: Corviknight\n|-heal|p1a: Corviknight|100/100 brn\n|-hint|If a Terastallized Pokemon uses Roost, it remains Flying-type.\n|move|p2a: Spiritomb|Soul Toll|p1a: Corviknight\n|-damage|p1a: Corviknight|65/100 brn\n|\n|-damage|p1a: Corviknight|59/100 brn|[from] brn\n|upkeep\n|turn|18\n|\n|t:|1790730991\n|move|p1a: Corviknight|Roost|p1a: Corviknight\n|-heal|p1a: Corviknight|100/100 brn\n|-hint|If a Terastallized Pokemon uses Roost, it remains Flying-type.\n|move|p2a: Spiritomb|Parting Shot|p1a: Corviknight\n|-unboost|p1a: Corviknight|atk|1\n|-unboost|p1a: Corviknight|spa|1\n|\n|t:|1790730995\n|switch|p2a: Lugia|Lugia|100/100|[from] Parting Shot\n|\n|-damage|p1a: Corviknight|94/100 brn|[from] brn\n|upkeep\n|turn|19\n|\n|t:|1790730996\n|switch|p1a: Blissey|Blissey|100/100\n|move|p2a: Lugia|Calm Mind|p2a: Lugia\n|-boost|p2a: Lugia|spa|1\n|-boost|p2a: Lugia|spd|1\n|\n|upkeep\n|turn|20\n|\n|t:|1790730999\n|switch|p2a: Umbreon|Umbreon|100/100\n|-curestatus|p1: Mandibuzz|brn|[silent]\n|-curestatus|p1: Corviknight|brn|[silent]\n|-cureteam|p1a: Blissey|[from] ability: Caretaker\n|switch|p1a: Mandibuzz|Mandibuzz|87/100\n|\n|upkeep\n|turn|21\n|\n|t:|1790731001\n|move|p1a: Mandibuzz|Toxic|p2a: Umbreon\n|-immune|p2a: Umbreon|[from] ability: Moonlit Venom\n|move|p2a: Umbreon|Knock Off|p1a: Mandibuzz\n|-resisted|p1a: Mandibuzz\n|-damage|p1a: Mandibuzz|80/100\n|-enditem|p1a: Mandibuzz|Heavy-Duty Boots|[from] move: Knock Off|[of] p2a: Umbreon\n|\n|upkeep\n|turn|22\n|\n|t:|1790731008\n|switch|p1a: Pecharunt|Pecharunt|100/100\n|move|p2a: Umbreon|Wish|p2a: Umbreon\n|\n|upkeep\n|turn|23\n|\n|t:|1790731010\n|move|p1a: Pecharunt|Curse|p2a: Umbreon\n|-start|p2a: Umbreon|Curse|[of] p1a: Pecharunt\n|-damage|p1a: Pecharunt|50/100\n|move|p2a: Umbreon|Knock Off|p1a: Pecharunt\n|-supereffective|p1a: Pecharunt\n|-damage|p1a: Pecharunt|28/100\n|-enditem|p1a: Pecharunt|Black Sludge|[from] move: Knock Off|[of] p2a: Umbreon\n|\n|-damage|p2a: Umbreon|76/100|[from] Curse\n|upkeep\n|turn|24\n|\n|t:|1790731021\n|switch|p2a: Blissey|Blissey|88/100\n|move|p1a: Pecharunt|Recover|p1a: Pecharunt\n|-heal|p1a: Pecharunt|78/100\n|\n|upkeep\n|turn|25\n|\n|t:|1790731026\n|move|p1a: Pecharunt|Toxic|p2a: Blissey\n|-status|p2a: Blissey|tox\n|-start|p2a: Blissey|confusion|[from] ability: Poison Puppeteer|[of] p1a: Pecharunt\n|-activate|p2a: Blissey|confusion\n|move|p2a: Blissey|Stealth Rock|p1a: Pecharunt\n|-sidestart|p1: Bunny Stockfish|move: Stealth Rock\n|\n|-damage|p2a: Blissey|82/100 tox|[from] psn\n|upkeep\n|turn|26\n|\n|t:|1790731029\n|switch|p1a: Corviknight|Corviknight, tera:Flying|94/100\n|-damage|p1a: Corviknight|69/100|[from] Stealth Rock\n|-ability|p1a: Corviknight|Pressure\n|-curestatus|p2a: Blissey|tox|[silent]\n|-cureteam|p2a: Blissey|[from] ability: Caretaker\n|switch|p2a: Umbreon|Umbreon|76/100\n|\n|-heal|p2a: Umbreon|82/100|[from] item: Leftovers\n|upkeep\n|turn|27\n|\n|t:|1790731033\n|move|p1a: Corviknight|Defog|p2a: Umbreon\n|-unboost|p2a: Umbreon|evasion|1\n|-sideend|p1: Bunny Stockfish|Stealth Rock|[from] move: Defog|[of] p1a: Corviknight\n|move|p2a: Umbreon|Knock Off|p1a: Corviknight\n|-damage|p1a: Corviknight|55/100\n|-damage|p2a: Umbreon|65/100|[from] item: Rocky Helmet|[of] p1a: Corviknight\n|-enditem|p1a: Corviknight|Rocky Helmet|[from] move: Knock Off|[of] p2a: Umbreon\n|\n|-heal|p2a: Umbreon|71/100|[from] item: Leftovers\n|upkeep\n|turn|28\n|\n|t:|1790731037\n|move|p1a: Corviknight|Roost|p1a: Corviknight\n|-heal|p1a: Corviknight|100/100\n|-hint|If a Terastallized Pokemon uses Roost, it remains Flying-type.\n|move|p2a: Umbreon|Wish|p2a: Umbreon\n|\n|-heal|p2a: Umbreon|77/100|[from] item: Leftovers\n|upkeep\n|turn|29\n|\n|t:|1790731041\n|move|p1a: Corviknight|Drill Peck|p2a: Umbreon\n|-damage|p2a: Umbreon|50/100\n|move|p2a: Umbreon|Knock Off|p1a: Corviknight\n|-damage|p1a: Corviknight|91/100\n|\n|-heal|p2a: Umbreon|100/100|[from] move: Wish|[wisher] Umbreon\n|upkeep\n|turn|30\n|\n|t:|1790731044\n|move|p1a: Corviknight|Drill Peck|p2a: Umbreon\n|-damage|p2a: Umbreon|73/100\n|move|p2a: Umbreon|Wish|p2a: Umbreon\n|\n|-heal|p2a: Umbreon|79/100|[from] item: Leftovers\n|upkeep\n|turn|31\n|\n|t:|1790731047\n|switch|p2a: Blissey|Blissey|82/100\n|move|p1a: Corviknight|Drill Peck|p2a: Blissey\n|-damage|p2a: Blissey|55/100\n|\n|-heal|p2a: Blissey|82/100|[from] move: Wish|[wisher] Umbreon\n|upkeep\n|turn|32\n|\n|t:|1790731056\n|move|p1a: Corviknight|Drill Peck|p2a: Blissey\n|-damage|p2a: Blissey|53/100\n|move|p2a: Blissey|Stealth Rock|p1a: Corviknight\n|-sidestart|p1: Bunny Stockfish|move: Stealth Rock\n|\n|upkeep\n|turn|33\n|\n|t:|1790731058\n|move|p1a: Corviknight|Drill Peck|p2a: Blissey\n|-damage|p2a: Blissey|25/100\n|move|p2a: Blissey|Soft-Boiled|p2a: Blissey\n|-heal|p2a: Blissey|75/100\n|\n|upkeep\n|turn|34\n|\n|t:|1790731062\n|switch|p2a: Registeel|Registeel|100/100\n|move|p1a: Corviknight|Defog|p2a: Registeel\n|-unboost|p2a: Registeel|evasion|1\n|-sideend|p1: Bunny Stockfish|Stealth Rock|[from] move: Defog|[of] p1a: Corviknight\n|\n|upkeep\n|turn|35\n|\n|t:|1790731071\n|switch|p1a: Mandibuzz|Mandibuzz|80/100\n|switch|p2a: Clodsire|Clodsire|92/100\n|\n|upkeep\n|turn|36\n|\n|t:|1790731074\n|move|p1a: Mandibuzz|Knock Off|p2a: Clodsire\n|-damage|p2a: Clodsire|75/100\n|-enditem|p2a: Clodsire|Heavy-Duty Boots|[from] move: Knock Off|[of] p1a: Mandibuzz\n|move|p2a: Clodsire|Toxic Spikes|p1a: Mandibuzz\n|-sidestart|p1: Bunny Stockfish|move: Toxic Spikes\n|\n|upkeep\n|turn|37\n|\n|t:|1790731077\n|move|p1a: Mandibuzz|Knock Off|p2a: Clodsire\n|-damage|p2a: Clodsire|63/100\n|move|p2a: Clodsire|Toxic Spikes|p1a: Mandibuzz\n|-sidestart|p1: Bunny Stockfish|move: Toxic Spikes\n|\n|upkeep\n|turn|38\n|\n|t:|1790731080\n|move|p1a: Mandibuzz|Knock Off|p2a: Clodsire\n|-damage|p2a: Clodsire|50/100\n|move|p2a: Clodsire|Recover|p2a: Clodsire\n|-heal|p2a: Clodsire|99/100\n|\n|upkeep\n|turn|39\n|\n|t:|1790731085\n|switch|p2a: Spiritomb|Spiritomb, shiny|100/100\n|move|p1a: Mandibuzz|Knock Off|p2a: Spiritomb\n|-damage|p2a: Spiritomb|82/100\n|-enditem|p2a: Spiritomb|Leftovers|[from] move: Knock Off|[of] p1a: Mandibuzz\n|\n|upkeep\n|turn|40\n|\n|t:|1790731091\n|move|p1a: Mandibuzz|Toxic|p2a: Spiritomb\n|-status|p2a: Spiritomb|tox\n|move|p2a: Spiritomb|Will-O-Wisp|p1a: Mandibuzz\n|-status|p1a: Mandibuzz|brn\n|\n|-damage|p2a: Spiritomb|76/100 tox|[from] psn\n|-damage|p1a: Mandibuzz|73/100 brn|[from] brn\n|upkeep\n|turn|41\n|\n|t:|1790731098\n|switch|p1a: Corviknight|Corviknight, tera:Flying|91/100\n|-ability|p1a: Corviknight|Pressure\n|move|p2a: Spiritomb|Strength Sap|p1a: Corviknight\n|-unboost|p1a: Corviknight|atk|1\n|-heal|p2a: Spiritomb|100/100 tox\n|\n|-damage|p2a: Spiritomb|88/100 tox|[from] psn\n|upkeep\n|turn|42\n|\n|t:|1790731100\n|move|p1a: Corviknight|Defog|p2a: Spiritomb\n|-unboost|p2a: Spiritomb|evasion|1\n|-sideend|p1: Bunny Stockfish|Toxic Spikes|[from] move: Defog|[of] p1a: Corviknight\n|move|p2a: Spiritomb|Parting Shot|p1a: Corviknight\n|-unboost|p1a: Corviknight|atk|1\n|-unboost|p1a: Corviknight|spa|1\n|\n|t:|1790731106\n|switch|p2a: Blissey|Blissey|75/100|[from] Parting Shot\n|\n|upkeep\n|turn|43\n|\n|t:|1790731111\n|move|p1a: Corviknight|Drill Peck|p2a: Blissey\n|-damage|p2a: Blissey|60/100\n|move|p2a: Blissey|Stealth Rock|p1a: Corviknight\n|-sidestart|p1: Bunny Stockfish|move: Stealth Rock\n|\n|upkeep\n|turn|44\n|\n|t:|1790731113\n|move|p1a: Corviknight|Defog|p2a: Blissey\n|-unboost|p2a: Blissey|evasion|1\n|-sideend|p1: Bunny Stockfish|Stealth Rock|[from] move: Defog|[of] p1a: Corviknight\n|move|p2a: Blissey|Soft-Boiled|p2a: Blissey\n|-heal|p2a: Blissey|100/100\n|\n|upkeep\n|turn|45\n|\n|t:|1790731115\n|move|p1a: Corviknight|Drill Peck|p2a: Blissey\n|-damage|p2a: Blissey|85/100\n|move|p2a: Blissey|Stealth Rock|p1a: Corviknight\n|-sidestart|p1: Bunny Stockfish|move: Stealth Rock\n|\n|upkeep\n|turn|46\n|\n|t:|1790731118\n|move|p1a: Corviknight|Defog|p2a: Blissey\n|-unboost|p2a: Blissey|evasion|1\n|-sideend|p1: Bunny Stockfish|Stealth Rock|[from] move: Defog|[of] p1a: Corviknight\n|move|p2a: Blissey|Seismic Toss|p1a: Corviknight\n|-damage|p1a: Corviknight|66/100\n|\n|upkeep\n|turn|47\n|\n|t:|1790731120\n|move|p1a: Corviknight|Drill Peck|p2a: Blissey\n|-damage|p2a: Blissey|71/100\n|move|p2a: Blissey|Seismic Toss|p1a: Corviknight\n|-damage|p1a: Corviknight|41/100\n|\n|upkeep\n|turn|48\n|\n|t:|1790731122\n|move|p1a: Corviknight|Roost|p1a: Corviknight\n|-heal|p1a: Corviknight|91/100\n|-hint|If a Terastallized Pokemon uses Roost, it remains Flying-type.\n|move|p2a: Blissey|Stealth Rock|p1a: Corviknight\n|-sidestart|p1: Bunny Stockfish|move: Stealth Rock\n|\n|upkeep\n|turn|49\n|\n|t:|1790731128\n|-curestatus|p2: Spiritomb|tox|[silent]\n|-cureteam|p2a: Blissey|[from] ability: Caretaker\n|switch|p2a: Registeel|Registeel|100/100\n|move|p1a: Corviknight|Defog|p2a: Registeel\n|-unboost|p2a: Registeel|evasion|1\n|-sideend|p1: Bunny Stockfish|Stealth Rock|[from] move: Defog|[of] p1a: Corviknight\n|\n|upkeep\n|turn|50\n|\n|t:|1790731133\n|switch|p1a: Mandibuzz|Mandibuzz|73/100 brn\n|move|p2a: Registeel|Iron Defense|p2a: Registeel\n|-boost|p2a: Registeel|def|2\n|\n|-damage|p1a: Mandibuzz|67/100 brn|[from] brn\n|upkeep\n|turn|51\n|\n|t:|1790731135\n|move|p2a: Registeel|Velvet Press|p1a: Mandibuzz\n|-supereffective|p1a: Mandibuzz\n|-damage|p1a: Mandibuzz|11/100 brn\n|move|p1a: Mandibuzz|Whirlwind|p2a: Registeel\n|drag|p2a: Lugia|Lugia|100/100\n|\n|-damage|p1a: Mandibuzz|5/100 brn|[from] brn\n|upkeep\n|turn|52\n|\n|t:|1790731140\n|switch|p1a: Blissey|Blissey|100/100\n|move|p2a: Lugia|Air Slash|p1a: Blissey\n|-damage|p1a: Blissey|94/100\n|\n|-heal|p1a: Blissey|99/100|[from] item: Leftovers\n|upkeep\n|turn|53\n|\n|t:|1790731145\n|switch|p2a: Spiritomb|Spiritomb, shiny|88/100\n|move|p1a: Blissey|Stealth Rock|p2a: Spiritomb\n|-sidestart|p2: SlimeQueenSamantha|move: Stealth Rock\n|\n|-heal|p1a: Blissey|100/100|[from] item: Leftovers\n|upkeep\n|turn|54\n|\n|t:|1790731147\n|move|p1a: Blissey|Heal Bell|p1a: Blissey\n|-activate|p1a: Blissey|move: Heal Bell\n|-curestatus|p1: Mandibuzz|brn|[msg]\n|move|p2a: Spiritomb|Will-O-Wisp|p1a: Blissey|[miss]\n|-miss|p2a: Spiritomb|p1a: Blissey\n|\n|upkeep\n|turn|55\n|\n|t:|1790731154\n|move|p1a: Blissey|Heal Bell||[still]\n|-activate|p1a: Blissey|move: Heal Bell\n|-fail|p1a: Blissey\n|move|p2a: Spiritomb|Parting Shot|p1a: Blissey\n|-unboost|p1a: Blissey|atk|1\n|-unboost|p1a: Blissey|spa|1\n|\n|t:|1790731162\n|switch|p2a: Registeel|Registeel|100/100|[from] Parting Shot\n|-damage|p2a: Registeel|94/100|[from] Stealth Rock\n|\n|-heal|p2a: Registeel|100/100|[from] item: Leftovers\n|upkeep\n|turn|56\n|\n|t:|1790731166\n|switch|p1a: Pecharunt|Pecharunt|78/100\n|move|p2a: Registeel|Iron Defense|p2a: Registeel\n|-boost|p2a: Registeel|def|2\n|\n|upkeep\n|turn|57\n|\n|t:|1790731170\n|move|p1a: Pecharunt|Recover|p1a: Pecharunt\n|-heal|p1a: Pecharunt|100/100\n|move|p2a: Registeel|Amnesia|p2a: Registeel\n|-boost|p2a: Registeel|spd|2\n|\n|upkeep\n|turn|58\n|\n|t:|1790731173\n|switch|p1a: Flareon|Flareon|100/100\n|-status|p1a: Flareon|brn|[from] ability: Kindled Fury|[of] p1a: Flareon\n|move|p2a: Registeel|Amnesia|p2a: Registeel\n|-boost|p2a: Registeel|spd|2\n|\n|-damage|p1a: Flareon|95/100 brn|[from] brn\n|upkeep\n|turn|59\n|\n|t:|1790731176\n|move|p1a: Flareon|Will-O-Wisp|p2a: Registeel\n|-status|p2a: Registeel|brn\n|move|p2a: Registeel|Iron Defense|p2a: Registeel\n|-boost|p2a: Registeel|def|2\n|\n|-damage|p1a: Flareon|89/100 brn|[from] brn\n|-damage|p2a: Registeel|94/100 brn|[from] brn\n|-ability|p1a: Flareon|Kindled Fury|boost\n|-boost|p1a: Flareon|spe|1\n|upkeep\n|turn|60\n|\n|t:|1790731178\n|switch|p1a: Blissey|Blissey|100/100\n|move|p2a: Registeel|Iron Defense|p2a: Registeel\n|-boost|p2a: Registeel|def|2\n|\n|-heal|p2a: Registeel|100/100 brn|[from] item: Leftovers\n|-damage|p2a: Registeel|94/100 brn|[from] brn\n|upkeep\n|turn|61\n|\n|t:|1790731180\n|move|p1a: Blissey|Seismic Toss|p2a: Registeel\n|-damage|p2a: Registeel|67/100 brn\n|move|p2a: Registeel|Amnesia|p2a: Registeel\n|-boost|p2a: Registeel|spd|2\n|\n|-heal|p2a: Registeel|73/100 brn|[from] item: Leftovers\n|-damage|p2a: Registeel|67/100 brn|[from] brn\n|upkeep\n|turn|62\n|\n|t:|1790731183\n|move|p1a: Blissey|Seismic Toss|p2a: Registeel\n|-damage|p2a: Registeel|40/100 brn\n|move|p2a: Registeel|Slack Off|p2a: Registeel\n|-heal|p2a: Registeel|90/100 brn\n|\n|-heal|p2a: Registeel|96/100 brn|[from] item: Leftovers\n|-damage|p2a: Registeel|90/100 brn|[from] brn\n|upkeep\n|turn|63\n|\n|t:|1790731187\n|-terastallize|p2a: Registeel|Fairy\n|move|p1a: Blissey|Seismic Toss|p2a: Registeel\n|-damage|p2a: Registeel|62/100 brn\n|move|p2a: Registeel|Velvet Press|p1a: Blissey\n|-damage|p1a: Blissey|42/100\n|\n|-heal|p1a: Blissey|49/100|[from] item: Leftovers\n|-heal|p2a: Registeel|68/100 brn|[from] item: Leftovers\n|-damage|p2a: Registeel|62/100 brn|[from] brn\n|upkeep\n|turn|64\n|\n|t:|1790731193\n|move|p1a: Blissey|Soft-Boiled|p1a: Blissey\n|-heal|p1a: Blissey|99/100\n|move|p2a: Registeel|Slack Off|p2a: Registeel\n|-heal|p2a: Registeel|100/100 brn\n|\n|-heal|p1a: Blissey|100/100|[from] item: Leftovers\n|-damage|p2a: Registeel|94/100 brn|[from] brn\n|upkeep\n|turn|65\n|\n|t:|1790731195\n|move|p1a: Blissey|Seismic Toss|p2a: Registeel\n|-damage|p2a: Registeel|67/100 brn\n|move|p2a: Registeel|Velvet Press|p1a: Blissey\n|-damage|p1a: Blissey|44/100\n|\n|-heal|p1a: Blissey|50/100|[from] item: Leftovers\n|-heal|p2a: Registeel|73/100 brn|[from] item: Leftovers\n|-damage|p2a: Registeel|67/100 brn|[from] brn\n|upkeep\n|turn|66\n|\n|t:|1790731197\n|move|p1a: Blissey|Soft-Boiled|p1a: Blissey\n|-heal|p1a: Blissey|99/100\n|move|p2a: Registeel|Velvet Press|p1a: Blissey\n|-damage|p1a: Blissey|40/100\n|\n|-heal|p1a: Blissey|47/100|[from] item: Leftovers\n|-heal|p2a: Registeel|73/100 brn|[from] item: Leftovers\n|-damage|p2a: Registeel|67/100 brn|[from] brn\n|upkeep\n|turn|67\n|\n|t:|1790731198\n|move|p1a: Blissey|Soft-Boiled|p1a: Blissey\n|-heal|p1a: Blissey|97/100\n|move|p2a: Registeel|Velvet Press|p1a: Blissey\n|-damage|p1a: Blissey|37/100\n|\n|-heal|p1a: Blissey|43/100|[from] item: Leftovers\n|-heal|p2a: Registeel|73/100 brn|[from] item: Leftovers\n|-damage|p2a: Registeel|67/100 brn|[from] brn\n|upkeep\n|turn|68\n|\n|t:|1790731200\n|move|p1a: Blissey|Soft-Boiled|p1a: Blissey\n|-heal|p1a: Blissey|93/100\n|move|p2a: Registeel|Velvet Press|p1a: Blissey\n|-damage|p1a: Blissey|40/100\n|\n|-heal|p1a: Blissey|46/100|[from] item: Leftovers\n|-heal|p2a: Registeel|73/100 brn|[from] item: Leftovers\n|-damage|p2a: Registeel|67/100 brn|[from] brn\n|upkeep\n|turn|69\n|\n|t:|1790731203\n|move|p1a: Blissey|Soft-Boiled|p1a: Blissey\n|-heal|p1a: Blissey|96/100\n|move|p2a: Registeel|Velvet Press|p1a: Blissey\n|-damage|p1a: Blissey|43/100\n|\n|-heal|p1a: Blissey|50/100|[from] item: Leftovers\n|-heal|p2a: Registeel|73/100 brn|[from] item: Leftovers\n|-damage|p2a: Registeel|67/100 brn|[from] brn\n|upkeep\n|turn|70\n|\n|t:|1790731205\n|move|p1a: Blissey|Soft-Boiled|p1a: Blissey\n|-heal|p1a: Blissey|99/100\n|move|p2a: Registeel|Velvet Press|p1a: Blissey\n|-damage|p1a: Blissey|46/100\n|\n|-heal|p1a: Blissey|52/100|[from] item: Leftovers\n|-heal|p2a: Registeel|73/100 brn|[from] item: Leftovers\n|-damage|p2a: Registeel|67/100 brn|[from] brn\n|upkeep\n|turn|71\n|\n|t:|1790731209\n|move|p1a: Blissey|Soft-Boiled|p1a: Blissey\n|-heal|p1a: Blissey|100/100\n|move|p2a: Registeel|Slack Off|p2a: Registeel\n|-heal|p2a: Registeel|100/100 brn\n|\n|-damage|p2a: Registeel|94/100 brn|[from] brn\n|upkeep\n|turn|72\n|\n|t:|1790731211\n|move|p1a: Blissey|Seismic Toss|p2a: Registeel\n|-damage|p2a: Registeel|67/100 brn\n|move|p2a: Registeel|Velvet Press|p1a: Blissey\n|-damage|p1a: Blissey|48/100\n|\n|-heal|p1a: Blissey|54/100|[from] item: Leftovers\n|-heal|p2a: Registeel|73/100 brn|[from] item: Leftovers\n|-damage|p2a: Registeel|67/100 brn|[from] brn\n|upkeep\n|turn|73\n|\n|t:|1790731213\n|move|p1a: Blissey|Soft-Boiled|p1a: Blissey\n|-heal|p1a: Blissey|100/100\n|move|p2a: Registeel|Velvet Press|p1a: Blissey\n|-damage|p1a: Blissey|48/100\n|\n|-heal|p1a: Blissey|54/100|[from] item: Leftovers\n|-heal|p2a: Registeel|73/100 brn|[from] item: Leftovers\n|-damage|p2a: Registeel|67/100 brn|[from] brn\n|upkeep\n|turn|74\n|\n|t:|1790731223\n|switch|p2a: Spiritomb|Spiritomb, shiny|88/100\n|-damage|p2a: Spiritomb|76/100|[from] Stealth Rock\n|move|p1a: Blissey|Soft-Boiled|p1a: Blissey\n|-heal|p1a: Blissey|100/100\n|\n|upkeep\n|turn|75\n|\n|t:|1790731225\n|-curestatus|p1: Flareon|brn|[silent]\n|-cureteam|p1a: Blissey|[from] ability: Caretaker\n|switch|p1a: Corviknight|Corviknight, tera:Flying|91/100\n|-ability|p1a: Corviknight|Pressure\n|move|p2a: Spiritomb|Will-O-Wisp|p1a: Corviknight\n|-status|p1a: Corviknight|brn\n|\n|-damage|p1a: Corviknight|84/100 brn|[from] brn\n|upkeep\n|turn|76\n|\n|t:|1790731234\n|move|p1a: Corviknight|Roost|p1a: Corviknight\n|-heal|p1a: Corviknight|100/100 brn\n|-hint|If a Terastallized Pokemon uses Roost, it remains Flying-type.\n|move|p2a: Spiritomb|Soul Toll|p1a: Corviknight\n|-damage|p1a: Corviknight|68/100 brn\n|\n|-damage|p1a: Corviknight|62/100 brn|[from] brn\n|upkeep\n|turn|77\n|\n|t:|1790731241\n|move|p1a: Corviknight|Roost|p1a: Corviknight\n|-heal|p1a: Corviknight|100/100 brn\n|-hint|If a Terastallized Pokemon uses Roost, it remains Flying-type.\n|move|p2a: Spiritomb|Parting Shot|p1a: Corviknight\n|-unboost|p1a: Corviknight|atk|1\n|-unboost|p1a: Corviknight|spa|1\n|\n|t:|1790731246\n|switch|p2a: Blissey|Blissey|71/100|[from] Parting Shot\n|\n|-damage|p1a: Corviknight|94/100 brn|[from] brn\n|upkeep\n|turn|78\n|\n|t:|1790731248\n|move|p1a: Corviknight|Drill Peck|p2a: Blissey\n|-damage|p2a: Blissey|61/100\n|move|p2a: Blissey|Stealth Rock|p1a: Corviknight\n|-sidestart|p1: Bunny Stockfish|move: Stealth Rock\n|\n|-damage|p1a: Corviknight|88/100 brn|[from] brn\n|upkeep\n|turn|79\n|\n|t:|1790731250\n|move|p1a: Corviknight|Defog|p2a: Blissey\n|-unboost|p2a: Blissey|evasion|1\n|-sideend|p2: SlimeQueenSamantha|Stealth Rock|[from] move: Defog|[of] p1a: Corviknight\n|-sideend|p1: Bunny Stockfish|Stealth Rock|[from] move: Defog|[of] p1a: Corviknight\n|move|p2a: Blissey|Soft-Boiled|p2a: Blissey\n|-heal|p2a: Blissey|100/100\n|\n|-damage|p1a: Corviknight|82/100 brn|[from] brn\n|upkeep\n|turn|80\n|\n|t:|1790731253\n|move|p1a: Corviknight|Roost|p1a: Corviknight\n|-heal|p1a: Corviknight|100/100 brn\n|-hint|If a Terastallized Pokemon uses Roost, it remains Flying-type.\n|move|p2a: Blissey|Stealth Rock|p1a: Corviknight\n|-sidestart|p1: Bunny Stockfish|move: Stealth Rock\n|\n|-damage|p1a: Corviknight|94/100 brn|[from] brn\n|upkeep\n|turn|81\n|\n|t:|1790731255\n|move|p1a: Corviknight|Defog|p2a: Blissey\n|-unboost|p2a: Blissey|evasion|1\n|-sideend|p1: Bunny Stockfish|Stealth Rock|[from] move: Defog|[of] p1a: Corviknight\n|move|p2a: Blissey|Seismic Toss|p1a: Corviknight\n|-damage|p1a: Corviknight|69/100 brn\n|\n|-damage|p1a: Corviknight|63/100 brn|[from] brn\n|upkeep\n|turn|82\n|\n|t:|1790731257\n|move|p1a: Corviknight|Roost|p1a: Corviknight\n|-heal|p1a: Corviknight|100/100 brn\n|-hint|If a Terastallized Pokemon uses Roost, it remains Flying-type.\n|move|p2a: Blissey|Seismic Toss|p1a: Corviknight\n|-damage|p1a: Corviknight|75/100 brn\n|\n|-damage|p1a: Corviknight|69/100 brn|[from] brn\n|upkeep\n|turn|83\n|\n|t:|1790731259\n|move|p1a: Corviknight|Roost|p1a: Corviknight\n|-heal|p1a: Corviknight|100/100 brn\n|-hint|If a Terastallized Pokemon uses Roost, it remains Flying-type.\n|move|p2a: Blissey|Stealth Rock|p1a: Corviknight\n|-sidestart|p1: Bunny Stockfish|move: Stealth Rock\n|\n|-damage|p1a: Corviknight|94/100 brn|[from] brn\n|upkeep\n|turn|84\n|\n|t:|1790731263\n|-curestatus|p2: Registeel|brn|[silent]\n|-cureteam|p2a: Blissey|[from] ability: Caretaker\n|switch|p2a: Umbreon|Umbreon|79/100\n|move|p1a: Corviknight|Defog|p2a: Umbreon\n|-unboost|p2a: Umbreon|evasion|1\n|-sideend|p1: Bunny Stockfish|Stealth Rock|[from] move: Defog|[of] p1a: Corviknight\n|\n|-heal|p2a: Umbreon|85/100|[from] item: Leftovers\n|-damage|p1a: Corviknight|88/100 brn|[from] brn\n|upkeep\n|turn|85\n|\n|t:|1790731265\n|switch|p1a: Pecharunt|Pecharunt|100/100\n|move|p2a: Umbreon|Wish|p2a: Umbreon\n|\n|-heal|p2a: Umbreon|91/100|[from] item: Leftovers\n|upkeep\n|turn|86\n|\n|t:|1790731268\n|switch|p2a: Spiritomb|Spiritomb, shiny|76/100\n|move|p1a: Pecharunt|Poltergeist||[still]\n|-fail|p1a: Pecharunt\n|\n|-heal|p2a: Spiritomb|100/100|[from] move: Wish|[wisher] Umbreon\n|upkeep\n|turn|87\n|\n|t:|1790731275\n|switch|p1a: Blissey|Blissey|100/100\n|move|p2a: Spiritomb|Will-O-Wisp|p1a: Blissey\n|-status|p1a: Blissey|brn\n|\n|-damage|p1a: Blissey|94/100 brn|[from] brn\n|upkeep\n|turn|88\n|\n|t:|1790731278\n|switch|p2a: Registeel|Registeel, tera:Fairy|67/100\n|move|p1a: Blissey|Stealth Rock|p2a: Registeel\n|-sidestart|p2: SlimeQueenSamantha|move: Stealth Rock\n|\n|-heal|p1a: Blissey|100/100 brn|[from] item: Leftovers\n|-heal|p2a: Registeel|73/100|[from] item: Leftovers\n|-damage|p1a: Blissey|94/100 brn|[from] brn\n|upkeep\n|turn|89\n|\n|t:|1790731282\n|move|p1a: Blissey|Seismic Toss|p2a: Registeel\n|-damage|p2a: Registeel|46/100\n|move|p2a: Registeel|Slack Off|p2a: Registeel\n|-heal|p2a: Registeel|96/100\n|\n|-heal|p1a: Blissey|100/100 brn|[from] item: Leftovers\n|-heal|p2a: Registeel|100/100|[from] item: Leftovers\n|-damage|p1a: Blissey|94/100 brn|[from] brn\n|upkeep\n|turn|90\n|\n|t:|1790731287\n|switch|p2a: Clodsire|Clodsire|99/100\n|-damage|p2a: Clodsire|94/100|[from] Stealth Rock\n|move|p1a: Blissey|Seismic Toss|p2a: Clodsire\n|-damage|p2a: Clodsire|72/100\n|\n|-heal|p1a: Blissey|100/100 brn|[from] item: Leftovers\n|-damage|p1a: Blissey|94/100 brn|[from] brn\n|upkeep\n|turn|91\n|\n|t:|1790731289\n|-curestatus|p1a: Blissey|brn|[silent]\n|-curestatus|p1: Corviknight|brn|[silent]\n|-cureteam|p1a: Blissey|[from] ability: Caretaker\n|switch|p1a: Corviknight|Corviknight, tera:Flying|88/100\n|-ability|p1a: Corviknight|Pressure\n|move|p2a: Clodsire|Toxic Spikes|p1a: Corviknight\n|-sidestart|p1: Bunny Stockfish|move: Toxic Spikes\n|\n|upkeep\n|turn|92\n|\n|t:|1790731293\n|move|p1a: Corviknight|Drill Peck|p2a: Clodsire\n|-damage|p2a: Clodsire|47/100\n|move|p2a: Clodsire|Recover|p2a: Clodsire\n|-heal|p2a: Clodsire|97/100\n|\n|upkeep\n|turn|93\n|\n|t:|1790731299\n|switch|p2a: Registeel|Registeel, tera:Fairy|100/100\n|-damage|p2a: Registeel|88/100|[from] Stealth Rock\n|move|p1a: Corviknight|Drill Peck|p2a: Registeel\n|-damage|p2a: Registeel|64/100\n|\n|-heal|p2a: Registeel|70/100|[from] item: Leftovers\n|upkeep\n|turn|94\n|\n|t:|1790731307\n|move|p1a: Corviknight|Defog|p2a: Registeel\n|-unboost|p2a: Registeel|evasion|1\n|-sideend|p2: SlimeQueenSamantha|Stealth Rock|[from] move: Defog|[of] p1a: Corviknight\n|-sideend|p1: Bunny Stockfish|Toxic Spikes|[from] move: Defog|[of] p1a: Corviknight\n|move|p2a: Registeel|Iron Defense|p2a: Registeel\n|-boost|p2a: Registeel|def|2\n|\n|-heal|p2a: Registeel|76/100|[from] item: Leftovers\n|upkeep\n|turn|95\n|\n|t:|1790731309\n|switch|p1a: Flareon|Flareon|89/100\n|-status|p1a: Flareon|brn|[from] ability: Kindled Fury|[of] p1a: Flareon\n|move|p2a: Registeel|Slack Off|p2a: Registeel\n|-heal|p2a: Registeel|100/100\n|\n|-damage|p1a: Flareon|83/100 brn|[from] brn\n|upkeep\n|turn|96\n|\n|t:|1790731312\n|move|p1a: Flareon|Lava Plume|p2a: Registeel\n|-damage|p2a: Registeel|88/100\n|-status|p2a: Registeel|brn\n|move|p2a: Registeel|Slack Off|p2a: Registeel\n|-heal|p2a: Registeel|100/100 brn\n|\n|-damage|p1a: Flareon|77/100 brn|[from] brn\n|-damage|p2a: Registeel|94/100 brn|[from] brn\n|-ability|p1a: Flareon|Kindled Fury|boost\n|-boost|p1a: Flareon|spe|1\n|upkeep\n|turn|97\n|\n|t:|1790731316\n|move|p1a: Flareon|Lava Plume|p2a: Registeel\n|-damage|p2a: Registeel|82/100 brn\n|move|p2a: Registeel|Amnesia|p2a: Registeel\n|-boost|p2a: Registeel|spd|2\n|\n|-heal|p2a: Registeel|88/100 brn|[from] item: Leftovers\n|-damage|p1a: Flareon|71/100 brn|[from] brn\n|-damage|p2a: Registeel|82/100 brn|[from] brn\n|-ability|p1a: Flareon|Kindled Fury|boost\n|-boost|p1a: Flareon|spe|1\n|upkeep\n|turn|98\n|\n|t:|1790731317\n|move|p1a: Flareon|Lava Plume|p2a: Registeel\n|-damage|p2a: Registeel|75/100 brn\n|move|p2a: Registeel|Amnesia|p2a: Registeel\n|-boost|p2a: Registeel|spd|2\n|\n|-heal|p2a: Registeel|81/100 brn|[from] item: Leftovers\n|-damage|p1a: Flareon|65/100 brn|[from] brn\n|-damage|p2a: Registeel|75/100 brn|[from] brn\n|-ability|p1a: Flareon|Kindled Fury|boost\n|-boost|p1a: Flareon|spe|1\n|upkeep\n|turn|99\n|\n|t:|1790731320\n|move|p1a: Flareon|Recover|p1a: Flareon\n|-heal|p1a: Flareon|100/100 brn\n|move|p2a: Registeel|Amnesia|p2a: Registeel\n|-boost|p2a: Registeel|spd|2\n|\n|-heal|p2a: Registeel|81/100 brn|[from] item: Leftovers\n|-damage|p1a: Flareon|95/100 brn|[from] brn\n|-damage|p2a: Registeel|75/100 brn|[from] brn\n|-ability|p1a: Flareon|Kindled Fury|boost\n|-boost|p1a: Flareon|spe|1\n|upkeep\n|turn|100\n|\n|t:|1790731321\n|switch|p1a: Blissey|Blissey|94/100\n|move|p2a: Registeel|Amnesia|p2a: Registeel\n|-boost|p2a: Registeel|spd|0\n|\n|-heal|p1a: Blissey|100/100|[from] item: Leftovers\n|-heal|p2a: Registeel|81/100 brn|[from] item: Leftovers\n|-damage|p2a: Registeel|75/100 brn|[from] brn\n|upkeep\n|turn|101\n|\n|t:|1790731323\n|move|p1a: Blissey|Seismic Toss|p2a: Registeel\n|-damage|p2a: Registeel|47/100 brn\n|move|p2a: Registeel|Velvet Press|p1a: Blissey\n|-damage|p1a: Blissey|42/100\n|\n|-heal|p1a: Blissey|48/100|[from] item: Leftovers\n|-heal|p2a: Registeel|54/100 brn|[from] item: Leftovers\n|-damage|p2a: Registeel|47/100 brn|[from] brn\n|upkeep\n|turn|102\n|\n|t:|1790731327\n|move|p1a: Blissey|Soft-Boiled|p1a: Blissey\n|-heal|p1a: Blissey|98/100\n|move|p2a: Registeel|Velvet Press|p1a: Blissey\n|-damage|p1a: Blissey|40/100\n|\n|-heal|p1a: Blissey|46/100|[from] item: Leftovers\n|-heal|p2a: Registeel|54/100 brn|[from] item: Leftovers\n|-damage|p2a: Registeel|47/100 brn|[from] brn\n|upkeep\n|turn|103\n|\n|t:|1790731334\n|move|p1a: Blissey|Soft-Boiled|p1a: Blissey\n|-heal|p1a: Blissey|96/100\n|move|p2a: Registeel|Velvet Press|p1a: Blissey\n|-damage|p1a: Blissey|35/100\n|\n|-heal|p1a: Blissey|41/100|[from] item: Leftovers\n|-heal|p2a: Registeel|54/100 brn|[from] item: Leftovers\n|-damage|p2a: Registeel|47/100 brn|[from] brn\n|upkeep\n|turn|104\n|\n|t:|1790731336\n|move|p1a: Blissey|Soft-Boiled|p1a: Blissey\n|-heal|p1a: Blissey|91/100\n|move|p2a: Registeel|Velvet Press|p1a: Blissey\n|-damage|p1a: Blissey|29/100\n|\n|-heal|p1a: Blissey|36/100|[from] item: Leftovers\n|-heal|p2a: Registeel|54/100 brn|[from] item: Leftovers\n|-damage|p2a: Registeel|47/100 brn|[from] brn\n|upkeep\n|turn|105\n|\n|t:|1790731337\n|move|p1a: Blissey|Soft-Boiled|p1a: Blissey\n|-heal|p1a: Blissey|86/100\n|move|p2a: Registeel|Velvet Press|p1a: Blissey\n|-damage|p1a: Blissey|27/100\n|\n|-heal|p1a: Blissey|33/100|[from] item: Leftovers\n|-heal|p2a: Registeel|54/100 brn|[from] item: Leftovers\n|-damage|p2a: Registeel|47/100 brn|[from] brn\n|upkeep\n|turn|106\n|\n|t:|1790731338\n|move|p1a: Blissey|Soft-Boiled|p1a: Blissey\n|-heal|p1a: Blissey|83/100\n|move|p2a: Registeel|Velvet Press|p1a: Blissey\n|-damage|p1a: Blissey|27/100\n|\n|-heal|p1a: Blissey|33/100|[from] item: Leftovers\n|-heal|p2a: Registeel|54/100 brn|[from] item: Leftovers\n|-damage|p2a: Registeel|47/100 brn|[from] brn\n|upkeep\n|turn|107\n|\n|t:|1790731342\n|move|p1a: Blissey|Soft-Boiled|p1a: Blissey\n|-heal|p1a: Blissey|83/100\n|move|p2a: Registeel|Slack Off|p2a: Registeel\n|-heal|p2a: Registeel|97/100 brn\n|\n|-heal|p1a: Blissey|89/100|[from] item: Leftovers\n|-heal|p2a: Registeel|100/100 brn|[from] item: Leftovers\n|-damage|p2a: Registeel|94/100 brn|[from] brn\n|upkeep\n|turn|108\n|\n|t:|1790731344\n|switch|p2a: Lugia|Lugia|100/100\n|move|p1a: Blissey|Stealth Rock|p2a: Lugia\n|-sidestart|p2: SlimeQueenSamantha|move: Stealth Rock\n|\n|-heal|p1a: Blissey|95/100|[from] item: Leftovers\n|upkeep\n|turn|109\n|\n|t:|1790731346\n|move|p2a: Lugia|Calm Mind|p2a: Lugia\n|-boost|p2a: Lugia|spa|1\n|-boost|p2a: Lugia|spd|1\n|move|p1a: Blissey|Seismic Toss|p2a: Lugia\n|-damage|p2a: Lugia|76/100\n|\n|-heal|p1a: Blissey|100/100|[from] item: Leftovers\n|upkeep\n|turn|110\n|\n|t:|1790731348\n|move|p2a: Lugia|Calm Mind|p2a: Lugia\n|-boost|p2a: Lugia|spa|1\n|-boost|p2a: Lugia|spd|1\n|move|p1a: Blissey|Seismic Toss|p2a: Lugia\n|-damage|p2a: Lugia|52/100\n|\n|upkeep\n|turn|111\n|\n|t:|1790731350\n|move|p2a: Lugia|Recover|p2a: Lugia\n|-heal|p2a: Lugia|100/100\n|move|p1a: Blissey|Seismic Toss|p2a: Lugia\n|-damage|p2a: Lugia|76/100\n|\n|upkeep\n|turn|112\n|\n|t:|1790731351\n|move|p2a: Lugia|Calm Mind|p2a: Lugia\n|-boost|p2a: Lugia|spa|1\n|-boost|p2a: Lugia|spd|1\n|move|p1a: Blissey|Seismic Toss|p2a: Lugia\n|-damage|p2a: Lugia|52/100\n|\n|upkeep\n|turn|113\n|\n|t:|1790731352\n|move|p2a: Lugia|Recover|p2a: Lugia\n|-heal|p2a: Lugia|100/100\n|move|p1a: Blissey|Seismic Toss|p2a: Lugia\n|-damage|p2a: Lugia|76/100\n|\n|upkeep\n|turn|114\n|\n|t:|1790731355\n|move|p2a: Lugia|Calm Mind|p2a: Lugia\n|-boost|p2a: Lugia|spa|1\n|-boost|p2a: Lugia|spd|1\n|move|p1a: Blissey|Seismic Toss|p2a: Lugia\n|-damage|p2a: Lugia|52/100\n|\n|upkeep\n|turn|115\n|\n|t:|1790731357\n|move|p2a: Lugia|Recover|p2a: Lugia\n|-heal|p2a: Lugia|100/100\n|move|p1a: Blissey|Seismic Toss|p2a: Lugia\n|-damage|p2a: Lugia|76/100\n|\n|upkeep\n|turn|116\n|\n|t:|1790731358\n|move|p2a: Lugia|Calm Mind|p2a: Lugia\n|-boost|p2a: Lugia|spa|1\n|-boost|p2a: Lugia|spd|1\n|move|p1a: Blissey|Seismic Toss|p2a: Lugia\n|-damage|p2a: Lugia|52/100\n|\n|upkeep\n|turn|117\n|\n|t:|1790731360\n|move|p2a: Lugia|Recover|p2a: Lugia\n|-heal|p2a: Lugia|100/100\n|move|p1a: Blissey|Seismic Toss|p2a: Lugia\n|-damage|p2a: Lugia|76/100\n|\n|upkeep\n|turn|118\n|\n|t:|1790731362\n|move|p2a: Lugia|Calm Mind|p2a: Lugia\n|-boost|p2a: Lugia|spa|1\n|-boost|p2a: Lugia|spd|1\n|move|p1a: Blissey|Seismic Toss|p2a: Lugia\n|-damage|p2a: Lugia|52/100\n|\n|upkeep\n|turn|119\n|\n|t:|1790731364\n|move|p2a: Lugia|Recover|p2a: Lugia\n|-heal|p2a: Lugia|100/100\n|move|p1a: Blissey|Seismic Toss|p2a: Lugia\n|-damage|p2a: Lugia|76/100\n|\n|upkeep\n|turn|120\n|\n|t:|1790731366\n|-start|p2a: Lugia|Dynamax|\n|-heal|p2a: Lugia|76/100|[silent]\n|move|p2a: Lugia|Max Airstream|p1a: Blissey\n|-damage|p1a: Blissey|56/100\n|-boost|p2a: Lugia|spe|1\n|move|p1a: Blissey|Seismic Toss|p2a: Lugia\n|-damage|p2a: Lugia|64/100\n|\n|-heal|p1a: Blissey|63/100|[from] item: Leftovers\n|upkeep\n|turn|121\n|\n|t:|1790731368\n|move|p2a: Lugia|Max Airstream|p1a: Blissey\n|-damage|p1a: Blissey|18/100\n|-boost|p2a: Lugia|spe|1\n|move|p1a: Blissey|Seismic Toss|p2a: Lugia\n|-damage|p2a: Lugia|52/100\n|\n|-heal|p1a: Blissey|24/100|[from] item: Leftovers\n|upkeep\n|turn|122\n|\n|t:|1790731370\n|-start|p1a: Blissey|Dynamax|\n|-heal|p1a: Blissey|24/100|[silent]\n|move|p2a: Lugia|Max Airstream|p1a: Blissey\n|-damage|p1a: Blissey|1/100\n|-boost|p2a: Lugia|spe|1\n|move|p1a: Blissey|Max Knuckle|p2a: Lugia\n|-resisted|p2a: Lugia\n|-damage|p2a: Lugia|52/100\n|-boost|p1a: Blissey|atk|1\n|\n|-heal|p1a: Blissey|4/100|[from] item: Leftovers\n|upkeep\n|-end|p2a: Lugia|Dynamax\n|-heal|p2a: Lugia|52/100|[silent]\n|turn|123\n|\n|t:|1790731372\n|move|p2a: Lugia|Air Slash|p1a: Blissey\n|-damage|p1a: Blissey|0 fnt\n|faint|p1a: Blissey\n|\n|upkeep\n|\n|t:|1790731372\n|switch|p1a: Corviknight|Corviknight, tera:Flying|88/100\n|-ability|p1a: Corviknight|Pressure\n|turn|124\n|\n|t:|1790731374\n|move|p2a: Lugia|Air Slash|p1a: Corviknight\n|-damage|p1a: Corviknight|1/100\n|move|p1a: Corviknight|Drill Peck|p2a: Lugia\n|-damage|p2a: Lugia|30/100\n|\n|upkeep\n|turn|125\n|\n|t:|1790731375\n|move|p2a: Lugia|Air Slash|p1a: Corviknight\n|-damage|p1a: Corviknight|0 fnt\n|faint|p1a: Corviknight\n|\n|upkeep\n|\n|t:|1790731375\n|switch|p1a: Flareon|Flareon|95/100 brn\n|turn|126\n|\n|t:|1790731377\n|move|p2a: Lugia|Earth Power|p1a: Flareon\n|-supereffective|p1a: Flareon\n|-damage|p1a: Flareon|0 fnt\n|faint|p1a: Flareon\n|\n|upkeep\n|\n|t:|1790731377\n|switch|p1a: Roserade|Roserade|100/100\n|-ability|p1a: Roserade|Masquerade\n|-start|p2a: Lugia|move: Taunt\n|turn|127\n|\n|t:|1790731380\n|move|p2a: Lugia|Air Slash|p1a: Roserade\n|-supereffective|p1a: Roserade\n|-damage|p1a: Roserade|0 fnt\n|faint|p1a: Roserade\n|\n|upkeep\n|\n|t:|1790731380\n|switch|p1a: Pecharunt|Pecharunt|100/100\n|turn|128\n|\n|t:|1790731382\n|move|p2a: Lugia|Earth Power|p1a: Pecharunt\n|-supereffective|p1a: Pecharunt\n|-damage|p1a: Pecharunt|0 fnt\n|faint|p1a: Pecharunt\n|\n|upkeep\n|\n|t:|1790731382\n|switch|p1a: Mandibuzz|Mandibuzz|5/100\n|turn|129\n|\n|t:|1790731385\n|move|p2a: Lugia|Air Slash|p1a: Mandibuzz\n|-damage|p1a: Mandibuzz|0 fnt\n|faint|p1a: Mandibuzz\n|\n|win|SlimeQueenSamantha\n",
	"inputlog": ">start {\"formatid\":\"gen9rpou\",\"seed\":\"sodium,4e4b0fec332ab5e74c1c13ac034c9a82\",\"rated\":\"Rated battle\"}\n>player p1 {\"name\":\"Bunny Stockfish\",\"avatar\":\"bunny.png\",\"team\":\"Corviknight||RockyHelmet|Pressure|Roost,DrillPeck,Defog,Protect|Impish|252,,252,,4,|N||||,,,,,Flying]Pecharunt||BlackSludge|PoisonPuppeteer|Recover,Poltergeist,Curse,Toxic|Impish|252,,252,,4,|N||||,,,,,Poison]Roserade||BlackSludge|Masquerade|Synthesis,ThornedBouquet,Spikes,ToxicSpikes|Calm|252,,4,,252,|N|,0,,,,|||,,,,,Fire]Mandibuzz||HeavyDutyBoots|Unaware|Roost,KnockOff,Toxic,Whirlwind|Impish|252,,252,,4,|N||||,,,,,Dark]Flareon||HeavyDutyBoots|KindledFury|Recover,LavaPlume,WillOWisp,Toxic|Calm|252,,4,,252,|N|,0,,,,|||,,,,,Fire]Blissey||Leftovers|Caretaker|SoftBoiled,SeismicToss,StealthRock,HealBell|Calm|252,,4,,252,|N||||,,,,,Normal\",\"rating\":1332}\n>player p2 {\"name\":\"SlimeQueenSamantha\",\"avatar\":\"queen.png\",\"team\":\"Lugia||HeavyDutyBoots|Multiscale|CalmMind,AirSlash,EarthPower,Recover|Timid|248,,8,,,252|N|,0,,,,|||,,,,,Ground]Blissey||HeavyDutyBoots|Caretaker|SoftBoiled,StealthRock,Toxic,SeismicToss|Bold|252,,252,,4,|N|,0,,,,|||,,,,,Water]Registeel||Leftovers|Unaware|SlackOff,IronDefense,Amnesia,velvetpress|Calm|252,,,4,252,|N|,0,,,,|||,,,,,Fairy]Umbreon||Leftovers|MoonlitVenom|Wish,Protect,KnockOff,Teleport|Careful|252,4,,,252,|N||||,,,,,Poison]Spiritomb||Leftovers|KeystoneLegion|soultoll,StrengthSap,PartingShot,WillOWisp|Careful|252,4,,,252,|N||S||,,,,,Dragon]Clodsire||HeavyDutyBoots|WaterAbsorb|ToxicSpikes,Punishment,Earthquake,Recover|Careful|248,8,244,,8,|N||||,,,,,Fire\",\"rating\":1481}\n>chat ☆Bunny Stockfish|Good luck! Playing on **stockfish**.\n>p1 team 1, 3, 2, 4, 5, 6\n>p2 team 2, 1, 3, 4, 5, 6\n>p1 move drillpeck terastallize\n>p2 move stealthrock\n>p1 move drillpeck\n>p2 switch 6\n>p1 move defog\n>p2 move toxicspikes\n>p1 move drillpeck\n>p2 move toxicspikes\n>p1 move drillpeck\n>p2 move recover\n>p1 move drillpeck\n>p2 move recover\n>p1 move drillpeck\n>p2 switch 5\n>p1 move defog\n>p2 move willowisp\n>p1 move drillpeck\n>p2 move soultoll\n>p1 move roost\n>p2 move strengthsap\n>p1 switch 4\n>p2 move soultoll\n>p1 move toxic\n>p2 move willowisp\n>p1 switch 3\n>p2 move partingshot\n>p2 switch 6\n>p1 move toxic\n>p2 move stealthrock\n>p1 switch 4\n>p2 move softboiled\n>p1 move defog\n>p2 switch 6\n>p1 move roost\n>p2 move soultoll\n>p1 move roost\n>p2 move partingshot\n>p2 switch 2\n>p1 switch 6\n>p2 move calmmind\n>p1 switch 3\n>p2 switch 4\n>p1 move toxic\n>p2 move knockoff\n>p1 switch 4\n>p2 move wish\n>p1 move curse\n>p2 move knockoff\n>p1 move recover\n>p2 switch 6\n>p1 move toxic\n>p2 move stealthrock\n>p1 switch 6\n>p2 switch 6\n>p1 move defog\n>p2 move knockoff\n>p1 move roost\n>p2 move wish\n>p1 move drillpeck\n>p2 move knockoff\n>p1 move drillpeck\n>p2 move wish\n>p1 move drillpeck\n>p2 switch 6\n>p1 move drillpeck\n>p2 move stealthrock\n>p1 move drillpeck\n>p2 move softboiled\n>p1 move defog\n>p2 switch 3\n>p1 switch 4\n>p2 switch 5\n>p1 move knockoff\n>p2 move toxicspikes\n>p1 move knockoff\n>p2 move toxicspikes\n>p1 move knockoff\n>p2 move recover\n>p1 move knockoff\n>p2 switch 2\n>p1 move toxic\n>p2 move willowisp\n>p1 switch 4\n>p2 move strengthsap\n>p1 move defog\n>p2 move partingshot\n>p2 switch 3\n>p1 move drillpeck\n>p2 move stealthrock\n>p1 move defog\n>p2 move softboiled\n>p1 move drillpeck\n>p2 move stealthrock\n>p1 move defog\n>p2 move seismictoss\n>p1 move drillpeck\n>p2 move seismictoss\n>p1 move roost\n>p2 move stealthrock\n>p1 move defog\n>p2 switch 5\n>p1 switch 4\n>p2 move irondefense\n>p1 move whirlwind\n>p2 move velvetpress\n>p1 switch 3\n>p2 move airslash\n>p1 move stealthrock\n>p2 switch 3\n>p1 move healbell\n>p2 move willowisp\n>p1 move healbell\n>p2 move partingshot\n>p2 switch 4\n>p1 switch 6\n>p2 move irondefense\n>p1 move recover\n>p2 move amnesia\n>p1 switch 5\n>p2 move amnesia\n>p1 move willowisp\n>p2 move irondefense\n>p1 switch 6\n>p2 move irondefense\n>p1 move seismictoss\n>p2 move amnesia\n>p1 move seismictoss\n>p2 move slackoff\n>p1 move seismictoss\n>p2 move velvetpress terastallize\n>p1 move softboiled\n>p2 move slackoff\n>p1 move seismictoss\n>p2 move velvetpress\n>p1 move softboiled\n>p2 move velvetpress\n>p1 move softboiled\n>p2 move velvetpress\n>p1 move softboiled\n>p2 move velvetpress\n>p1 move softboiled\n>p2 move velvetpress\n>p1 move softboiled\n>p2 move velvetpress\n>p1 move softboiled\n>p2 move slackoff\n>p1 move seismictoss\n>p2 move velvetpress\n>p1 move softboiled\n>p2 move velvetpress\n>p1 move softboiled\n>p2 switch 4\n>p1 switch 4\n>p2 move willowisp\n>p1 move roost\n>p2 move soultoll\n>p1 move roost\n>p2 move partingshot\n>p2 switch 5\n>p1 move drillpeck\n>p2 move stealthrock\n>p1 move defog\n>p2 move softboiled\n>p1 move roost\n>p2 move stealthrock\n>p1 move defog\n>p2 move seismictoss\n>p1 move roost\n>p2 move seismictoss\n>p1 move roost\n>p2 move stealthrock\n>p1 move defog\n>p2 switch 6\n>p1 switch 5\n>p2 move wish\n>p1 move poltergeist\n>p2 switch 5\n>p1 switch 4\n>p2 move willowisp\n>p1 move stealthrock\n>p2 switch 4\n>p1 move seismictoss\n>p2 move slackoff\n>p1 move seismictoss\n>p2 switch 2\n>p1 switch 5\n>p2 move toxicspikes\n>p1 move drillpeck\n>p2 move recover\n>p1 move drillpeck\n>p2 switch 2\n>p1 move defog\n>p2 move irondefense\n>p1 switch 6\n>p2 move slackoff\n>p1 move lavaplume\n>p2 move slackoff\n>p1 move lavaplume\n>p2 move amnesia\n>p1 move lavaplume\n>p2 move amnesia\n>p1 move recover\n>p2 move amnesia\n>p1 switch 5\n>p2 move amnesia\n>p1 move seismictoss\n>p2 move velvetpress\n>p1 move softboiled\n>p2 move velvetpress\n>p1 move softboiled\n>p2 move velvetpress\n>p1 move softboiled\n>p2 move velvetpress\n>p1 move softboiled\n>p2 move velvetpress\n>p1 move softboiled\n>p2 move velvetpress\n>p1 move softboiled\n>p2 move slackoff\n>p1 move stealthrock\n>p2 switch 3\n>p1 move seismictoss\n>p2 move calmmind\n>p1 move seismictoss\n>p2 move calmmind\n>p1 move seismictoss\n>p2 move recover\n>p1 move seismictoss\n>p2 move calmmind\n>p1 move seismictoss\n>p2 move recover\n>p1 move seismictoss\n>p2 move calmmind\n>p1 move seismictoss\n>p2 move recover\n>p1 move seismictoss\n>p2 move calmmind\n>p1 move seismictoss\n>p2 move recover\n>p1 move seismictoss\n>p2 move calmmind\n>p1 move seismictoss\n>p2 move recover\n>p1 move seismictoss\n>p2 move airslash dynamax\n>p1 move seismictoss\n>p2 move airslash dynamax\n>p1 move seismictoss dynamax\n>p2 move airslash dynamax\n>p1 move seismictoss dynamax\n>p2 move airslash\n>p1 switch 6\n>p1 move drillpeck\n>p2 move airslash\n>p1 move drillpeck\n>p2 move airslash\n>p1 switch 5\n>p1 move willowisp\n>p2 move earthpower\n>p1 switch 2\n>p1 move thornedbouquet\n>p2 move airslash\n>p1 switch 4\n>p1 move toxic\n>p2 move earthpower\n>p1 switch 3\n>p1 move knockoff\n>p2 move airslash",
	"uploadtime": 1790731385
}