{
	"id": "gen9rprandombattle-2-tmpgkc",
	"format": "[Gen 9] RP Random Battle",
	"players": [
		"Bunny Normal",
		"TheRedRecord7"
	],
	"rating": null,
	"log": "|j|☆Bunny Normal\n|j|☆TheRedRecord7\n|t:|1791658571\n|gametype|singles\n|player|p1|Bunny Normal|bunny.png|1211\n|player|p2|TheRedRecord7|palmer|1150\n|gen|9\n|tier|[Gen 9] RP Random Battle\n|rated|\n|rule|Species Clause: Limit one of each Pokémon\n|rule|HP Percentage Mod: HP is shown in percentages\n|rule|Sleep Clause Mod: Limit one foe put to sleep\n|rule|Illusion Level Mod: Illusion disguises the Pokémon's true level\n|\n|t:|1791658571\n|teamsize|p1|6\n|teamsize|p2|6\n|start\n|switch|p1a: Umbreon|Umbreon, L84, M|297/297\n|switch|p2a: Zarude|Zarude-Dada, L77|288/288\n|turn|1\n|c|☆Bunny Normal|Good luck! Playing on **normal**.\n|\n|t:|1791658593\n|move|p1a: Umbreon|Protect|p1a: Umbreon\n|-singleturn|p1a: Umbreon|Protect\n|move|p2a: Zarude|U-turn|p1a: Umbreon\n|-activate|p1a: Umbreon|move: Protect\n|\n|upkeep\n|turn|2\n|\n|t:|1791658600\n|switch|p1a: Scyther|Scyther, L82, F|249/249\n|move|p2a: Zarude|U-turn|p1a: Scyther\n|-resisted|p1a: Scyther\n|-damage|p1a: Scyther|207/249\n|\n|t:|1791658614\n|switch|p2a: Chi-Yu|Chi-Yu, L77|211/211|[from] U-turn\n|-ability|p2a: Chi-Yu|Beads of Ruin\n|\n|upkeep\n|turn|3\n|c|☆TheRedRecord7|!data Beads Of Ruin\n|c|☆TheRedRecord7|/raw <ul class=\"utilichart\"><li class=\"result\"><span class=\"col namecol\"><a href=\"https://dex.pokemonshowdown.com/abilities/beadsofruin\">Beads of Ruin</a></span> <span class=\"col abilitydesccol\">Active Pokemon without this Ability have their Special Defense multiplied by 0.75.</span> </li><li style=\"clear:both\"></li></ul>\n\n|c|☆TheRedRecord7|!data Choice Scarf\n|c|☆TheRedRecord7|/raw <ul class=\"utilichart\"><li class=\"result\"><span class=\"col itemiconcol\"><psicon item=\"choicescarf\"></span> <span class=\"col namecol\"><a href=\"https://dex.pokemonshowdown.com/items/choicescarf\">Choice Scarf</a></span> <span class=\"col itemdesccol\">Holder's Speed is 1.5x, but it can only select the first move it executes.</span> </li><li style=\"clear:both\"></li></ul>\n\n|\n|t:|1791658648\n|move|p2a: Chi-Yu|Flamethrower|p1a: Scyther\n|-supereffective|p1a: Scyther\n|-damage|p1a: Scyther|0 fnt\n|faint|p1a: Scyther\n|\n|upkeep\n|\n|t:|1791658648\n|switch|p1a: Golem|Golem, L87, M|281/281\n|turn|4\n|\n|t:|1791658682\n|switch|p2a: Girafarig|Girafarig, L89, F|269/269\n|move|p1a: Golem|Earthquake|p2a: Girafarig\n|-damage|p2a: Girafarig|172/269\n|\n|upkeep\n|turn|5\n|\n|t:|1791658698\n|move|p2a: Girafarig|Hypno Whirl|p1a: Golem\n|-damage|p1a: Golem|149/281\n|move|p1a: Golem|Explosion|p2a: Girafarig\n|-damage|p2a: Girafarig|0 fnt\n|faint|p1a: Golem\n|faint|p2a: Girafarig\n|\n|upkeep\n|\n|t:|1791658710\n|switch|p2a: Zarude|Zarude-Dada, L77|288/288\n|switch|p1a: Umbreon|Umbreon, L84, M|297/297\n|turn|6\n|\n|t:|1791658724\n|switch|p2a: Chi-Yu|Chi-Yu, L77|211/211\n|-ability|p2a: Chi-Yu|Beads of Ruin\n|move|p1a: Umbreon|Recover||[still]\n|-fail|p1a: Umbreon|heal\n|\n|upkeep\n|turn|7\n|\n|t:|1791658734\n|switch|p1a: Braviary|Braviary, L85, M|309/309\n|move|p2a: Chi-Yu|Overheat|p1a: Braviary\n|-damage|p1a: Braviary|96/309\n|-unboost|p2a: Chi-Yu|spa|2\n|\n|upkeep\n|turn|8\n|\n|t:|1791658751\n|switch|p2a: Drifblim|Drifblim, L86, M|398/398\n|move|p1a: Braviary|Close Combat|p2a: Drifblim\n|-immune|p2a: Drifblim\n|\n|upkeep\n|turn|9\n|\n|t:|1791658767\n|switch|p1a: Umbreon|Umbreon, L84, M|297/297\n|move|p2a: Drifblim|Strength Sap|p1a: Umbreon\n|-unboost|p1a: Umbreon|atk|1\n|\n|upkeep\n|turn|10\n|\n|t:|1791658779\n|move|p1a: Umbreon|Protect|p1a: Umbreon\n|-singleturn|p1a: Umbreon|Protect\n|move|p2a: Drifblim|Air Slash|p1a: Umbreon\n|-activate|p1a: Umbreon|move: Protect\n|\n|upkeep\n|turn|11\n|\n|t:|1791658784\n|move|p2a: Drifblim|Air Slash|p1a: Umbreon\n|-damage|p1a: Umbreon|239/297\n|move|p1a: Umbreon|Knock Off|p2a: Drifblim\n|-supereffective|p2a: Drifblim\n|-damage|p2a: Drifblim|234/398\n|-enditem|p2a: Drifblim|Heavy-Duty Boots|[from] move: Knock Off|[of] p1a: Umbreon\n|\n|-heal|p1a: Umbreon|257/297|[from] item: Leftovers\n|upkeep\n|turn|12\n|\n|t:|1791658793\n|move|p2a: Drifblim|Strength Sap|p1a: Umbreon\n|-unboost|p1a: Umbreon|atk|1\n|-heal|p2a: Drifblim|338/398\n|move|p1a: Umbreon|Knock Off|p2a: Drifblim\n|-supereffective|p2a: Drifblim\n|-damage|p2a: Drifblim|258/398\n|\n|-heal|p1a: Umbreon|275/297|[from] item: Leftovers\n|upkeep\n|turn|13\n|\n|t:|1791658805\n|move|p2a: Drifblim|Strength Sap|p1a: Umbreon\n|-unboost|p1a: Umbreon|atk|1\n|-heal|p2a: Drifblim|336/398\n|move|p1a: Umbreon|Knock Off|p2a: Drifblim\n|-supereffective|p2a: Drifblim\n|-damage|p2a: Drifblim|274/398\n|\n|-heal|p1a: Umbreon|293/297|[from] item: Leftovers\n|upkeep\n|turn|14\n|\n|t:|1791658816\n|move|p2a: Drifblim|Strength Sap|p1a: Umbreon\n|-unboost|p1a: Umbreon|atk|1\n|-heal|p2a: Drifblim|336/398\n|move|p1a: Umbreon|Wish|p1a: Umbreon\n|\n|-heal|p1a: Umbreon|297/297|[from] item: Leftovers\n|upkeep\n|turn|15\n|\n|t:|1791658828\n|move|p2a: Drifblim|Strength Sap|p1a: Umbreon\n|-unboost|p1a: Umbreon|atk|1\n|-heal|p2a: Drifblim|388/398\n|move|p1a: Umbreon|Knock Off|p2a: Drifblim\n|-supereffective|p2a: Drifblim\n|-damage|p2a: Drifblim|338/398\n|\n|upkeep\n|turn|16\n|\n|t:|1791658838\n|switch|p2a: Zarude|Zarude-Dada, L77|288/288\n|switch|p1a: Arbok|Arbok, L87, F|246/246\n|-ability|p1a: Arbok|Intimidate|boost\n|-unboost|p2a: Zarude|atk|1\n|\n|upkeep\n|turn|17\n|\n|t:|1791658858\n|switch|p2a: Drifblim|Drifblim, L86, M|338/398\n|move|p1a: Arbok|Gunk Shot|p2a: Drifblim\n|-resisted|p2a: Drifblim\n|-damage|p2a: Drifblim|237/398\n|\n|upkeep\n|turn|18\n|\n|t:|1791658867\n|move|p1a: Arbok|Carrion Feast|p2a: Drifblim\n|-supereffective|p2a: Drifblim\n|-damage|p2a: Drifblim|39/398\n|move|p2a: Drifblim|Shadow Ball|p1a: Arbok\n|-crit|p1a: Arbok\n|-damage|p1a: Arbok|114/246\n|-unboost|p1a: Arbok|spd|1\n|\n|-heal|p1a: Arbok|129/246|[from] item: Leftovers\n|upkeep\n|turn|19\n|c|☆TheRedRecord7|!data Carrion Feast\n|c|☆TheRedRecord7|/raw <ul class=\"utilichart\"><li class=\"result\"><span class=\"col movenamecol\"><a href=\"https://dex.pokemonshowdown.com/moves/carrionfeast\">Carrion Feast</a></span> <span class=\"col typecol\"><img src=\"//play.pokemonshowdown.com/sprites/types/Dark.png\" alt=\"Dark\" width=\"32\" height=\"14\"><img src=\"//play.pokemonshowdown.com/sprites/categories/Physical.png\" alt=\"Physical\" width=\"32\" height=\"14\"></span> <span class=\"col labelcol\"><em>Power</em><br>80</span> <span class=\"col widelabelcol\"><em>Accuracy</em><br>100%</span> <span class=\"col pplabelcol\"><em>PP</em><br>24</span> <span class=\"col movedesccol\">User recovers 50% of the damage dealt.</span> </li><li style=\"clear:both\"></li></ul>\n\n|\n|t:|1791658935\n|switch|p2a: Chi-Yu|Chi-Yu, L77|211/211\n|-ability|p2a: Chi-Yu|Beads of Ruin\n|move|p1a: Arbok|Earthquake|p2a: Chi-Yu\n|-supereffective|p2a: Chi-Yu\n|-damage|p2a: Chi-Yu|49/211\n|\n|-heal|p1a: Arbok|144/246|[from] item: Leftovers\n|upkeep\n|turn|20\n|\n|t:|1791658950\n|move|p2a: Chi-Yu|Psychic|p1a: Arbok\n|-supereffective|p1a: Arbok\n|-damage|p1a: Arbok|0 fnt\n|faint|p1a: Arbok\n|\n|upkeep\n|\n|t:|1791658950\n|switch|p1a: Braviary|Braviary, L85, M|96/309\n|turn|21\n|\n|t:|1791658958\n|switch|p2a: Drifblim|Drifblim, L86, M|39/398\n|move|p1a: Braviary|Close Combat|p2a: Drifblim\n|-immune|p2a: Drifblim\n|\n|upkeep\n|turn|22\n|\n|t:|1791658972\n|move|p2a: Drifblim|Strength Sap|p1a: Braviary\n|-unboost|p1a: Braviary|atk|1\n|-ability|p1a: Braviary|Defiant|boost\n|-boost|p1a: Braviary|atk|2\n|-heal|p2a: Drifblim|297/398\n|move|p1a: Braviary|Brave Bird|p2a: Drifblim\n|-damage|p2a: Drifblim|0 fnt\n|-damage|p1a: Braviary|19/309|[from] ability: Aftermath|[of] p2a: Drifblim\n|faint|p2a: Drifblim\n|-damage|p1a: Braviary|0 fnt|[from] Recoil\n|faint|p1a: Braviary\n|\n|upkeep\n|\n|t:|1791658989\n|switch|p2a: Zarude|Zarude-Dada, L77|288/288\n|switch|p1a: Umbreon|Umbreon, L84, M|297/297\n|turn|23\n|\n|t:|1791658996\n|switch|p2a: Chi-Yu|Chi-Yu, L77|49/211\n|-ability|p2a: Chi-Yu|Beads of Ruin\n|move|p1a: Umbreon|Knock Off|p2a: Chi-Yu\n|-resisted|p2a: Chi-Yu\n|-damage|p2a: Chi-Yu|7/211\n|-enditem|p2a: Chi-Yu|Choice Scarf|[from] move: Knock Off|[of] p1a: Umbreon\n|\n|upkeep\n|turn|24\n|\n|t:|1791659010\n|move|p2a: Chi-Yu|Overheat|p1a: Umbreon\n|-damage|p1a: Umbreon|152/297\n|-unboost|p2a: Chi-Yu|spa|2\n|move|p1a: Umbreon|Knock Off|p2a: Chi-Yu\n|-resisted|p2a: Chi-Yu\n|-damage|p2a: Chi-Yu|0 fnt\n|faint|p2a: Chi-Yu\n|\n|-heal|p1a: Umbreon|170/297|[from] item: Leftovers\n|upkeep\n|\n|t:|1791659026\n|switch|p2a: Florges|Florges-Blue, L85, F|271/271\n|turn|25\n|\n|t:|1791659034\n|-terastallize|p1a: Umbreon|Poison\n|move|p2a: Florges|Calm Mind|p2a: Florges\n|-boost|p2a: Florges|spa|1\n|-boost|p2a: Florges|spd|1\n|move|p1a: Umbreon|Recover|p1a: Umbreon\n|-heal|p1a: Umbreon|297/297\n|\n|upkeep\n|turn|26\n|\n|t:|1791659044\n|move|p2a: Florges|Calm Mind|p2a: Florges\n|-boost|p2a: Florges|spa|1\n|-boost|p2a: Florges|spd|1\n|move|p1a: Umbreon|Recover||[still]\n|-fail|p1a: Umbreon|heal\n|\n|upkeep\n|turn|27\n|\n|t:|1791659050\n|move|p2a: Florges|Calm Mind|p2a: Florges\n|-boost|p2a: Florges|spa|1\n|-boost|p2a: Florges|spd|1\n|move|p1a: Umbreon|Knock Off|p2a: Florges\n|-resisted|p2a: Florges\n|-damage|p2a: Florges|223/271\n|-enditem|p2a: Florges|Leftovers|[from] move: Knock Off|[of] p1a: Umbreon\n|\n|upkeep\n|turn|28\n|\n|t:|1791659062\n|move|p1a: Umbreon|Protect|p1a: Umbreon\n|-singleturn|p1a: Umbreon|Protect\n|move|p2a: Florges|Solar Nectar|p1a: Umbreon\n|-activate|p1a: Umbreon|move: Protect\n|\n|upkeep\n|turn|29\n|\n|t:|1791659076\n|move|p2a: Florges|Moonblast|p1a: Umbreon\n|-resisted|p1a: Umbreon\n|-damage|p1a: Umbreon|192/297\n|move|p1a: Umbreon|Wish|p1a: Umbreon\n|\n|-heal|p1a: Umbreon|210/297|[from] item: Leftovers\n|upkeep\n|turn|30\n|\n|t:|1791659084\n|move|p2a: Florges|Calm Mind|p2a: Florges\n|-boost|p2a: Florges|spa|1\n|-boost|p2a: Florges|spd|1\n|move|p1a: Umbreon|Recover|p1a: Umbreon\n|-heal|p1a: Umbreon|297/297\n|\n|upkeep\n|turn|31\n|\n|t:|1791659092\n|move|p2a: Florges|Calm Mind|p2a: Florges\n|-boost|p2a: Florges|spa|1\n|-boost|p2a: Florges|spd|1\n|move|p1a: Umbreon|Wish|p1a: Umbreon\n|\n|upkeep\n|turn|32\n|\n|t:|1791659098\n|move|p2a: Florges|Calm Mind|p2a: Florges\n|-boost|p2a: Florges|spa|1\n|-boost|p2a: Florges|spd|1\n|move|p1a: Umbreon|Wish||[still]\n|-fail|p1a: Umbreon\n|\n|upkeep\n|turn|33\n|\n|t:|1791659106\n|move|p1a: Umbreon|Protect|p1a: Umbreon\n|-singleturn|p1a: Umbreon|Protect\n|move|p2a: Florges|Calm Mind|p2a: Florges\n|-boost|p2a: Florges|spa|0\n|-boost|p2a: Florges|spd|0\n|\n|upkeep\n|turn|34\n|\n|t:|1791659115\n|move|p2a: Florges|Moonblast|p1a: Umbreon\n|-resisted|p1a: Umbreon\n|-damage|p1a: Umbreon|119/297\n|move|p1a: Umbreon|Knock Off|p2a: Florges\n|-resisted|p2a: Florges\n|-damage|p2a: Florges|190/271\n|\n|-heal|p1a: Umbreon|137/297|[from] item: Leftovers\n|upkeep\n|turn|35\n|\n|t:|1791659126\n|move|p2a: Florges|Moonblast|p1a: Umbreon\n|-resisted|p1a: Umbreon\n|-damage|p1a: Umbreon|0 fnt\n|faint|p1a: Umbreon\n|\n|upkeep\n|\n|t:|1791659126\n|switch|p1a: Phione|Phione, L91|293/293\n|turn|36\n|\n|t:|1791659144\n|move|p1a: Phione|Scald|p2a: Florges\n|-damage|p2a: Florges|177/271\n|move|p2a: Florges|Solar Nectar|p1a: Phione\n|-supereffective|p1a: Phione\n|-damage|p1a: Phione|0 fnt\n|-heal|p2a: Florges|250/271|[from] drain|[of] p1a: Phione\n|faint|p1a: Phione\n|\n|win|TheRedRecord7\n",
	"inputlog": ">start {\"formatid\":\"gen9rprandombattle\",\"seed\":\"sodium,3b0ca653dd8232e570172e28281605ae\",\"rated\":\"Rated battle\"}\n>player p1 {\"name\":\"Bunny Normal\",\"avatar\":\"bunny.png\",\"rating\":1211,\"seed\":\"sodium,22aefb7005ab6736e159f3995ca58dc9\"}\n>player p2 {\"name\":\"TheRedRecord7\",\"avatar\":\"palmer\",\"rating\":1150,\"seed\":\"sodium,406794e0944f51f59e3a1e9834c526f8\"}\n>chat ☆Bunny Normal|Good luck! Playing on **normal**.\n>p1 move protect\n>p2 move uturn\n>p1 switch 2\n>p2 move uturn\n>p2 switch 4\n>chat ☆TheRedRecord7|!data Beads Of Ruin\n>chat ☆TheRedRecord7|!data Choice Scarf\n>p1 move closecombat\n>p2 move flamethrower\n>p1 switch 5\n>p1 move earthquake\n>p2 switch 2\n>p1 move explosion\n>p2 move hypnowhirl\n>p1 switch 2\n>p2 switch 4\n>p1 move recover\n>p2 switch 2\n>p1 switch 4\n>p2 move overheat\n>p1 move closecombat\n>p2 switch 5\n>p1 switch 4\n>p2 move strengthsap\n>p1 move protect\n>p2 move airslash\n>p1 move knockoff\n>p2 move airslash\n>p1 move knockoff\n>p2 move strengthsap\n>p1 move knockoff\n>p2 move strengthsap\n>p1 move wish\n>p2 move strengthsap\n>p1 move knockoff\n>p2 move strengthsap\n>p1 switch 6\n>p2 switch 2\n>p1 move gunkshot\n>p2 switch 2\n>p1 move carrionfeast\n>p2 move shadowball\n>chat ☆TheRedRecord7|!data Carrion Feast\n>p1 move earthquake\n>p2 switch 5\n>p1 move carrionfeast\n>p2 move psychic\n>p1 switch 4\n>p1 move closecombat\n>p2 switch 5\n>p1 move bravebird\n>p2 move strengthsap\n>p1 switch 6\n>p2 switch 2\n>p1 move knockoff\n>p2 switch 5\n>p1 move knockoff\n>p2 move overheat\n>p2 switch 6\n>p1 move recover terastallize\n>p2 move calmmind\n>p1 move recover\n>p2 move calmmind\n>p1 move knockoff\n>p2 move calmmind\n>p1 move protect\n>p2 move solarnectar\n>p1 move wish\n>p2 move moonblast\n>p1 move recover\n>p2 move calmmind\n>p1 move wish\n>p2 move calmmind\n>p1 move wish\n>p2 move calmmind\n>p1 move protect\n>p2 move calmmind\n>p1 move knockoff\n>p2 move moonblast\n>p1 move wish\n>p2 move moonblast\n>p1 switch 3\n>p1 move scald\n>p2 move solarnectar",
	"uploadtime": 1791659144
}