{
	"id": "gen9rprandombattle-3-tlw1b3",
	"format": "[Gen 9] RP Random Battle",
	"players": [
		"Bunny Stockfish",
		"SlimeQueenSamantha"
	],
	"rating": null,
	"log": "|j|☆Bunny Stockfish\n|j|☆SlimeQueenSamantha\n|t:|1790296014\n|gametype|singles\n|badge|p1|gold|gen9rprandombattle|1-1\n|player|p1|Bunny Stockfish|bunny.png|1332\n|player|p2|SlimeQueenSamantha|queen.png|1249\n|gen|9\n|tier|[Gen 9] RP Random Battle\n|rated|\n|rule|Species Clause: Limit one of each Pokémon\n|rule|HP Percentage Mod: HP is shown in percentages\n|rule|Sleep Clause Mod: Limit one foe put to sleep\n|rule|Illusion Level Mod: Illusion disguises the Pokémon's true level\n|clearpoke\n|poke|p1|Plusle, L95, M|\n|poke|p1|Whimsicott, L84, F|\n|poke|p1|Shiftry, L89, M|\n|poke|p1|Whiscash, L88, F|\n|poke|p1|Kingambit, L74, F|\n|poke|p1|Minior-Yellow, L79|\n|poke|p2|Leafeon, L88, F|\n|poke|p2|Luvdisc, M|\n|poke|p2|Arceus-Dragon, L71|\n|poke|p2|Quagsire, L84, F|\n|poke|p2|Armarouge, L80, F|\n|poke|p2|Stantler, L92, M|\n|teampreview\n|c|☆Bunny Stockfish|Good luck! Playing on **stockfish**.\n|\n|t:|1790296030\n|teamsize|p1|6\n|teamsize|p2|6\n|start\n|switch|p1a: Shiftry|Shiftry, L89, M|305/305\n|switch|p2a: Luvdisc|Luvdisc, M|247/247\n|turn|1\n|\n|t:|1790296032\n|move|p2a: Luvdisc|Endeavor|p1a: Shiftry\n|-damage|p1a: Shiftry|247/305\n|move|p1a: Shiftry|Leaf Blade|p2a: Luvdisc\n|-supereffective|p2a: Luvdisc\n|-damage|p2a: Luvdisc|0 fnt\n|faint|p2a: Luvdisc\n|-damage|p1a: Shiftry|217/305|[from] item: Life Orb\n|\n|upkeep\n|\n|t:|1790296037\n|switch|p2a: Leafeon|Leafeon, L88, F|258/258\n|-weather|SunnyDay|[from] ability: Solstice|[of] p2a: Leafeon\n|turn|2\n|\n|t:|1790296039\n|move|p2a: Leafeon|Swords Dance|p2a: Leafeon\n|-boost|p2a: Leafeon|atk|2\n|move|p1a: Shiftry|Knock Off|p2a: Leafeon\n|-damage|p2a: Leafeon|148/258\n|-enditem|p2a: Leafeon|Life Orb|[from] move: Knock Off|[of] p1a: Shiftry\n|-damage|p1a: Shiftry|187/305|[from] item: Life Orb\n|\n|-weather|SunnyDay|[upkeep]\n|upkeep\n|turn|3\n|\n|t:|1790296041\n|-terastallize|p1a: Shiftry|Dark\n|move|p2a: Leafeon|Knock Off|p1a: Shiftry\n|-resisted|p1a: Shiftry\n|-damage|p1a: Shiftry|76/305\n|-enditem|p1a: Shiftry|Life Orb|[from] move: Knock Off|[of] p2a: Leafeon\n|move|p1a: Shiftry|Knock Off|p2a: Leafeon\n|-damage|p2a: Leafeon|74/258\n|\n|-weather|SunnyDay|[upkeep]\n|upkeep\n|turn|4\n|\n|t:|1790296044\n|move|p2a: Leafeon|Knock Off|p1a: Shiftry\n|-resisted|p1a: Shiftry\n|-damage|p1a: Shiftry|12/305\n|move|p1a: Shiftry|Knock Off|p2a: Leafeon\n|-damage|p2a: Leafeon|0 fnt\n|faint|p2a: Leafeon\n|\n|-weather|SunnyDay|[upkeep]\n|upkeep\n|\n|t:|1790296047\n|switch|p2a: Armarouge|Armarouge, L80, F|267/267\n|turn|5\n|\n|t:|1790296049\n|move|p1a: Shiftry|Knock Off|p2a: Armarouge\n|-supereffective|p2a: Armarouge\n|-damage|p2a: Armarouge|0 fnt\n|-enditem|p2a: Armarouge|Choice Specs|[from] move: Knock Off|[of] p1a: Shiftry\n|faint|p2a: Armarouge\n|\n|-weather|SunnyDay|[upkeep]\n|upkeep\n|\n|t:|1790296055\n|switch|p2a: Arceus|Arceus-Dragon, L71|288/288\n|turn|6\n|\n|t:|1790296058\n|switch|p1a: Whimsicott|Whimsicott, L84, F|238/238\n|move|p2a: Arceus|Swords Dance|p2a: Arceus\n|-boost|p2a: Arceus|atk|2\n|\n|-weather|none\n|upkeep\n|turn|7\n|\n|t:|1790296061\n|move|p1a: Whimsicott|Moonblast|p2a: Arceus\n|-supereffective|p2a: Arceus\n|-damage|p2a: Arceus|54/288\n|move|p2a: Arceus|Heavy Slam|p1a: Whimsicott\n|-supereffective|p1a: Whimsicott\n|-damage|p1a: Whimsicott|0 fnt\n|faint|p1a: Whimsicott\n|\n|upkeep\n|\n|t:|1790296062\n|switch|p1a: Plusle|Plusle, L95, M|268/268\n|turn|8\n|\n|t:|1790296065\n|move|p1a: Plusle|Alluring Voice|p2a: Arceus\n|-supereffective|p2a: Arceus\n|-damage|p2a: Arceus|0 fnt\n|faint|p2a: Arceus\n|-damage|p1a: Plusle|242/268|[from] item: Life Orb\n|\n|upkeep\n|\n|t:|1790296067\n|switch|p2a: Quagsire|Quagsire, L84, F|297/297\n|turn|9\n|\n|t:|1790296069\n|switch|p1a: Whiscash|Whiscash, L88, F|337/337\n|move|p2a: Quagsire|Earthquake|p1a: Whiscash\n|-damage|p1a: Whiscash|225/337\n|\n|-heal|p1a: Whiscash|246/337|[from] item: Leftovers\n|upkeep\n|turn|10\n|\n|t:|1790296071\n|move|p1a: Whiscash|Earthquake|p2a: Quagsire\n|-damage|p2a: Quagsire|189/297\n|move|p2a: Quagsire|Spikes|p1a: Whiscash\n|-sidestart|p1: Bunny Stockfish|Spikes\n|\n|-heal|p1a: Whiscash|267/337|[from] item: Leftovers\n|-heal|p2a: Quagsire|207/297|[from] item: Leftovers\n|upkeep\n|turn|11\n|\n|t:|1790296073\n|move|p1a: Whiscash|Earthquake|p2a: Quagsire\n|-damage|p2a: Quagsire|101/297\n|move|p2a: Quagsire|Spikes|p1a: Whiscash\n|-sidestart|p1: Bunny Stockfish|Spikes\n|\n|-heal|p1a: Whiscash|288/337|[from] item: Leftovers\n|-heal|p2a: Quagsire|119/297|[from] item: Leftovers\n|upkeep\n|turn|12\n|\n|t:|1790296074\n|move|p1a: Whiscash|Earthquake|p2a: Quagsire\n|-damage|p2a: Quagsire|10/297\n|move|p2a: Quagsire|Recover|p2a: Quagsire\n|-heal|p2a: Quagsire|159/297\n|\n|-heal|p1a: Whiscash|309/337|[from] item: Leftovers\n|-heal|p2a: Quagsire|177/297|[from] item: Leftovers\n|upkeep\n|turn|13\n|\n|t:|1790296076\n|move|p1a: Whiscash|Earthquake|p2a: Quagsire\n|-damage|p2a: Quagsire|74/297\n|move|p2a: Quagsire|Recover|p2a: Quagsire\n|-heal|p2a: Quagsire|223/297\n|\n|-heal|p1a: Whiscash|330/337|[from] item: Leftovers\n|-heal|p2a: Quagsire|241/297|[from] item: Leftovers\n|upkeep\n|turn|14\n|\n|t:|1790296077\n|move|p1a: Whiscash|Earthquake|p2a: Quagsire\n|-damage|p2a: Quagsire|136/297\n|move|p2a: Quagsire|Spikes|p1a: Whiscash\n|-sidestart|p1: Bunny Stockfish|Spikes\n|\n|-heal|p1a: Whiscash|337/337|[from] item: Leftovers\n|-heal|p2a: Quagsire|154/297|[from] item: Leftovers\n|upkeep\n|turn|15\n|\n|t:|1790296079\n|move|p1a: Whiscash|Earthquake|p2a: Quagsire\n|-crit|p2a: Quagsire\n|-damage|p2a: Quagsire|10/297\n|move|p2a: Quagsire|Recover|p2a: Quagsire\n|-heal|p2a: Quagsire|159/297\n|\n|-heal|p2a: Quagsire|177/297|[from] item: Leftovers\n|upkeep\n|turn|16\n|\n|t:|1790296081\n|move|p1a: Whiscash|Earthquake|p2a: Quagsire\n|-damage|p2a: Quagsire|66/297\n|move|p2a: Quagsire|Recover|p2a: Quagsire\n|-heal|p2a: Quagsire|215/297\n|\n|-heal|p2a: Quagsire|233/297|[from] item: Leftovers\n|upkeep\n|turn|17\n|\n|t:|1790296084\n|move|p1a: Whiscash|Earthquake|p2a: Quagsire\n|-damage|p2a: Quagsire|134/297\n|move|p2a: Quagsire|Undertow|p1a: Whiscash\n|-immune|p1a: Whiscash|[from] ability: Water Absorb\n|\n|-heal|p2a: Quagsire|152/297|[from] item: Leftovers\n|upkeep\n|turn|18\n|\n|t:|1790296086\n|move|p1a: Whiscash|Earthquake|p2a: Quagsire\n|-damage|p2a: Quagsire|43/297\n|move|p2a: Quagsire|Recover|p2a: Quagsire\n|-heal|p2a: Quagsire|192/297\n|\n|-heal|p2a: Quagsire|210/297|[from] item: Leftovers\n|upkeep\n|turn|19\n|\n|t:|1790296092\n|move|p1a: Whiscash|Earthquake|p2a: Quagsire\n|-damage|p2a: Quagsire|104/297\n|move|p2a: Quagsire|Recover|p2a: Quagsire\n|-heal|p2a: Quagsire|253/297\n|\n|-heal|p2a: Quagsire|271/297|[from] item: Leftovers\n|upkeep\n|turn|20\n|\n|t:|1790296096\n|move|p1a: Whiscash|Earthquake|p2a: Quagsire\n|-damage|p2a: Quagsire|166/297\n|move|p2a: Quagsire|Earthquake|p1a: Whiscash\n|-damage|p1a: Whiscash|228/337\n|\n|-heal|p1a: Whiscash|249/337|[from] item: Leftovers\n|-heal|p2a: Quagsire|184/297|[from] item: Leftovers\n|upkeep\n|turn|21\n|\n|t:|1790296098\n|move|p1a: Whiscash|Earthquake|p2a: Quagsire\n|-crit|p2a: Quagsire\n|-damage|p2a: Quagsire|27/297\n|move|p2a: Quagsire|Earthquake|p1a: Whiscash\n|-damage|p1a: Whiscash|146/337\n|\n|-heal|p1a: Whiscash|167/337|[from] item: Leftovers\n|-heal|p2a: Quagsire|45/297|[from] item: Leftovers\n|upkeep\n|turn|22\n|\n|t:|1790296101\n|move|p1a: Whiscash|Earthquake|p2a: Quagsire\n|-damage|p2a: Quagsire|0 fnt\n|faint|p2a: Quagsire\n|\n|-heal|p1a: Whiscash|188/337|[from] item: Leftovers\n|upkeep\n|\n|t:|1790296103\n|switch|p2a: Stantler|Stantler, L92, M|284/284\n|-ability|p2a: Stantler|Intimidate|boost\n|-unboost|p1a: Whiscash|atk|1\n|turn|23\n|\n|t:|1790296107\n|move|p2a: Stantler|Body Slam|p1a: Whiscash\n|-damage|p1a: Whiscash|73/337\n|move|p1a: Whiscash|Earthquake|p2a: Stantler\n|-damage|p2a: Stantler|235/284\n|\n|-heal|p1a: Whiscash|94/337|[from] item: Leftovers\n|upkeep\n|turn|24\n|\n|t:|1790296109\n|switch|p1a: Kingambit|Kingambit, L74, F|270/270\n|-damage|p1a: Kingambit|203/270|[from] Spikes\n|-activate|p1a: Kingambit|ability: Supreme Overlord\n|-start|p1a: Kingambit|fallen1|[silent]\n|move|p2a: Stantler|Body Slam|p1a: Kingambit\n|-resisted|p1a: Kingambit\n|-damage|p1a: Kingambit|160/270\n|\n|-heal|p1a: Kingambit|176/270|[from] item: Leftovers\n|upkeep\n|turn|25\n|\n|t:|1790296111\n|move|p2a: Stantler|Earthquake|p1a: Kingambit\n|-supereffective|p1a: Kingambit\n|-damage|p1a: Kingambit|26/270\n|move|p1a: Kingambit|Kowtow Cleave|p2a: Stantler\n|-damage|p2a: Stantler|153/284\n|\n|-heal|p1a: Kingambit|42/270|[from] item: Leftovers\n|upkeep\n|turn|26\n|\n|t:|1790296113\n|-end|p1a: Kingambit|fallen1|[silent]\n|switch|p1a: Minior|Minior-Yellow, L79|224/224\n|-formechange|p1a: Minior|Minior-Meteor||[from] ability: Shields Down\n|move|p2a: Stantler|Earthquake|p1a: Minior\n|-immune|p1a: Minior\n|\n|upkeep\n|turn|27\n|\n|t:|1790296117\n|move|p2a: Stantler|Thunder Wave|p1a: Minior\n|-immune|p1a: Minior|[from] ability: Shields Down\n|move|p1a: Minior|Shell Smash|p1a: Minior\n|-unboost|p1a: Minior|def|1\n|-unboost|p1a: Minior|spd|1\n|-boost|p1a: Minior|atk|2\n|-boost|p1a: Minior|spa|2\n|-boost|p1a: Minior|spe|2\n|-enditem|p1a: Minior|White Herb\n|-clearnegativeboost|p1a: Minior|[silent]\n|\n|upkeep\n|turn|28\n|\n|t:|1790296119\n|move|p1a: Minior|Acrobatics|p2a: Stantler\n|-damage|p2a: Stantler|38/284\n|move|p2a: Stantler|Throat Chop|p1a: Minior\n|-damage|p1a: Minior|162/224\n|-start|p1a: Minior|Throat Chop|[silent]\n|\n|upkeep\n|turn|29\n|\n|t:|1790296121\n|move|p1a: Minior|Acrobatics|p2a: Stantler\n|-damage|p2a: Stantler|0 fnt\n|faint|p2a: Stantler\n|\n|win|Bunny Stockfish\n",
	"inputlog": ">start {\"formatid\":\"gen9rprandombattle\",\"seed\":\"sodium,6a7ee34b503c08cf048de623292bf666\",\"rated\":\"Rated battle\"}\n>player p1 {\"name\":\"Bunny Stockfish\",\"avatar\":\"bunny.png\",\"rating\":1332,\"seed\":\"sodium,941d9e54fbedeeed01ea6f102d396711\"}\n>player p2 {\"name\":\"SlimeQueenSamantha\",\"avatar\":\"queen.png\",\"rating\":1249,\"seed\":\"sodium,bd601497d4449060700e4f6b19c080e7\"}\n>chat ☆Bunny Stockfish|Good luck! Playing on **stockfish**.\n>p1 team 3, 2, 6, 1, 4, 5\n>p2 team 2, 1, 3, 4, 5, 6\n>p1 move leafblade\n>p2 move endeavor\n>p2 switch 2\n>p1 move knockoff\n>p2 move swordsdance\n>p1 move knockoff terastallize\n>p2 move knockoff\n>p1 move knockoff\n>p2 move knockoff\n>p2 switch 5\n>p1 move knockoff\n>p2 move armorcannon\n>p2 switch 3\n>p1 switch 2\n>p2 move swordsdance\n>p1 move moonblast\n>p2 move heavyslam\n>p1 switch 4\n>p1 move alluringvoice\n>p2 move outrage\n>p2 switch 4\n>p1 switch 5\n>p2 move earthquake\n>p1 move earthquake\n>p2 move spikes\n>p1 move earthquake\n>p2 move spikes\n>p1 move earthquake\n>p2 move recover\n>p1 move earthquake\n>p2 move recover\n>p1 move earthquake\n>p2 move spikes\n>p1 move earthquake\n>p2 move recover\n>p1 move earthquake\n>p2 move recover\n>p1 move earthquake\n>p2 move undertow\n>p1 move earthquake\n>p2 move recover\n>p1 move earthquake\n>p2 move recover\n>p1 move earthquake\n>p2 move earthquake\n>p1 move earthquake\n>p2 move earthquake\n>p1 move earthquake\n>p2 move recover\n>p2 switch 6\n>p1 move earthquake\n>p2 move bodyslam\n>p1 switch 6\n>p2 move bodyslam\n>p1 move kowtowcleave\n>p2 move earthquake\n>p1 switch 3\n>p2 move earthquake\n>p1 move shellsmash\n>p2 move thunderwave\n>p1 move acrobatics\n>p2 move throatchop\n>p1 move acrobatics\n>p2 move thunderwave",
	"uploadtime": 1790296121
}