{
	"id": "gen9rpou-17-tlj24k",
	"format": "[Gen 9] RP OU",
	"players": [
		"Bunny Stockfish",
		"TheRealWhimsicott"
	],
	"rating": null,
	"log": "|j|☆Bunny Stockfish\n|j|☆TheRealWhimsicott\n|t:|1789684628\n|gametype|singles\n|badge|p1|bronze|gen9rpou|3-3\n|badge|p2|silver|gen9rpou|2-2\n|player|p1|Bunny Stockfish|bunny.png|1332\n|player|p2|TheRealWhimsicott|1|1338\n|gen|9\n|tier|[Gen 9] RP OU\n|rated|\n|rule|HP Percentage Mod: HP is shown in percentages\n|rule|Endless Battle Clause: Forcing endless battles is banned\n|rule|Species Clause: Limit one of each Pokémon\n|rule|OHKO Clause: OHKO moves are banned\n|rule|Evasion Clause: Evasion abilities, items, and moves are banned\n|rule|Evasion Abilities Clause: Evasion abilities are banned\n|rule|Evasion Items Clause: Evasion items are banned\n|rule|Evasion Moves Clause: Evasion moves are banned\n|rule|Sleep Clause Mod: Limit one foe put to sleep\n|clearpoke\n|poke|p1|Corviknight|\n|poke|p1|Swampert|\n|poke|p1|Pecharunt|\n|poke|p1|Toxapex|\n|poke|p1|Dragonite|\n|poke|p1|Lokix|\n|poke|p2|Kingambit|\n|poke|p2|Haxorus|\n|poke|p2|Pawmot|\n|poke|p2|Glaceon|\n|poke|p2|Tapu Koko|\n|poke|p2|Corviknight|\n|teampreview\n|c|☆Bunny Stockfish|Good luck! Playing on **stockfish**.\n|\n|t:|1789684640\n|teamsize|p1|6\n|teamsize|p2|6\n|start\n|switch|p1a: Swampert|Swampert|100/100\n|switch|p2a: Glaceon|Glaceon|100/100\n|-weather|Snowscape|[from] ability: Diamond Dust|[of] p2a: Glaceon\n|turn|1\n|\n|t:|1789684642\n|-start|p1a: Swampert|Dynamax|\n|-heal|p1a: Swampert|100/100|[silent]\n|move|p2a: Glaceon|Freeze-Dry|p1a: Swampert\n|-supereffective|p1a: Swampert\n|-damage|p1a: Swampert|0 fnt\n|faint|p1a: Swampert\n|\n|-weather|Snowscape|[upkeep]\n|upkeep\n|\n|t:|1789684642\n|switch|p1a: Corviknight|Corviknight|100/100\n|-ability|p1a: Corviknight|Pressure\n|turn|2\n|\n|t:|1789684657\n|move|p2a: Glaceon|Freeze-Dry|p1a: Corviknight\n|-damage|p1a: Corviknight|42/100\n|move|p1a: Corviknight|Brave Bird|p2a: Glaceon\n|-damage|p2a: Glaceon|70/100\n|-damage|p1a: Corviknight|35/100|[from] Recoil\n|\n|-weather|Snowscape|[upkeep]\n|upkeep\n|turn|3\n|\n|t:|1789684662\n|switch|p1a: Pecharunt|Pecharunt|100/100\n|move|p2a: Glaceon|Freeze-Dry|p1a: Pecharunt\n|-damage|p1a: Pecharunt|43/100\n|\n|-weather|Snowscape|[upkeep]\n|upkeep\n|turn|4\n|\n|t:|1789684664\n|move|p2a: Glaceon|Freeze-Dry|p1a: Pecharunt\n|-damage|p1a: Pecharunt|0 fnt\n|faint|p1a: Pecharunt\n|\n|-weather|Snowscape|[upkeep]\n|upkeep\n|\n|t:|1789684664\n|switch|p1a: Lokix|Lokix|100/100\n|turn|5\n|\n|t:|1789684669\n|switch|p2a: Corviknight|Corviknight|100/100\n|-ability|p2a: Corviknight|Pressure\n|-terastallize|p1a: Lokix|Bug\n|move|p1a: Lokix|First Impression|p2a: Corviknight\n|-resisted|p2a: Corviknight\n|-damage|p2a: Corviknight|73/100\n|\n|-weather|none\n|-heal|p2a: Corviknight|79/100|[from] item: Leftovers\n|upkeep\n|turn|6\n|\n|t:|1789684673\n|switch|p1a: Dragonite|Dragonite|100/100\n|move|p2a: Corviknight|U-turn|p1a: Dragonite\n|-resisted|p1a: Dragonite\n|-damage|p1a: Dragonite|97/100\n|\n|t:|1789684676\n|switch|p2a: Glaceon|Glaceon|70/100|[from] U-turn\n|-weather|Snowscape|[from] ability: Diamond Dust|[of] p2a: Glaceon\n|\n|-weather|Snowscape|[upkeep]\n|upkeep\n|turn|7\n|\n|t:|1789684679\n|move|p2a: Glaceon|Freeze-Dry|p1a: Dragonite\n|-supereffective|p1a: Dragonite\n|-damage|p1a: Dragonite|0 fnt\n|faint|p1a: Dragonite\n|\n|-weather|Snowscape|[upkeep]\n|upkeep\n|\n|t:|1789684679\n|switch|p1a: Lokix|Lokix, tera:Bug|100/100\n|turn|8\n|\n|t:|1789684683\n|switch|p2a: Corviknight|Corviknight|79/100\n|-ability|p2a: Corviknight|Pressure\n|move|p1a: Lokix|First Impression|p2a: Corviknight\n|-resisted|p2a: Corviknight\n|-damage|p2a: Corviknight|52/100\n|\n|-weather|Snowscape|[upkeep]\n|-heal|p2a: Corviknight|58/100|[from] item: Leftovers\n|upkeep\n|turn|9\n|\n|t:|1789684685\n|switch|p1a: Toxapex|Toxapex|100/100\n|move|p2a: Corviknight|U-turn|p1a: Toxapex\n|-resisted|p1a: Toxapex\n|-damage|p1a: Toxapex|96/100\n|\n|t:|1789684687\n|switch|p2a: Glaceon|Glaceon|70/100|[from] U-turn\n|\n|-weather|Snowscape|[upkeep]\n|upkeep\n|turn|10\n|\n|t:|1789684689\n|move|p2a: Glaceon|Freeze-Dry|p1a: Toxapex\n|-supereffective|p1a: Toxapex\n|-damage|p1a: Toxapex|32/100\n|-status|p1a: Toxapex|frz\n|cant|p1a: Toxapex|frz\n|\n|-weather|none\n|upkeep\n|turn|11\n|\n|t:|1789684692\n|move|p2a: Glaceon|Freeze-Dry|p1a: Toxapex\n|-supereffective|p1a: Toxapex\n|-damage|p1a: Toxapex|0 fnt\n|faint|p1a: Toxapex\n|\n|upkeep\n|\n|t:|1789684692\n|switch|p1a: Lokix|Lokix, tera:Bug|100/100\n|turn|12\n|\n|t:|1789684694\n|switch|p2a: Corviknight|Corviknight|58/100\n|-ability|p2a: Corviknight|Pressure\n|move|p1a: Lokix|First Impression|p2a: Corviknight\n|-resisted|p2a: Corviknight\n|-crit|p2a: Corviknight\n|-damage|p2a: Corviknight|18/100\n|\n|-heal|p2a: Corviknight|24/100|[from] item: Leftovers\n|upkeep\n|turn|13\n|\n|t:|1789684696\n|move|p1a: Lokix|First Impression||[still]\n|-hint|First Impression only works on your first turn out.\n|-fail|p1a: Lokix\n|move|p2a: Corviknight|U-turn|p1a: Lokix\n|-damage|p1a: Lokix|81/100\n|\n|t:|1789684698\n|switch|p2a: Kingambit|Kingambit|100/100|[from] U-turn\n|\n|upkeep\n|turn|14\n|\n|t:|1789684700\n|move|p1a: Lokix|First Impression||[still]\n|-hint|First Impression only works on your first turn out.\n|-fail|p1a: Lokix\n|move|p2a: Kingambit|Swords Dance|p2a: Kingambit\n|-boost|p2a: Kingambit|atk|2\n|\n|upkeep\n|turn|15\n|\n|t:|1789684703\n|move|p1a: Lokix|First Impression||[still]\n|-hint|First Impression only works on your first turn out.\n|-fail|p1a: Lokix\n|move|p2a: Kingambit|Swords Dance|p2a: Kingambit\n|-boost|p2a: Kingambit|atk|2\n|\n|upkeep\n|turn|16\n|\n|t:|1789684704\n|move|p1a: Lokix|First Impression||[still]\n|-hint|First Impression only works on your first turn out.\n|-fail|p1a: Lokix\n|move|p2a: Kingambit|Swords Dance|p2a: Kingambit\n|-boost|p2a: Kingambit|atk|2\n|\n|upkeep\n|turn|17\n|\n|t:|1789684706\n|move|p1a: Lokix|First Impression||[still]\n|-hint|First Impression only works on your first turn out.\n|-fail|p1a: Lokix\n|move|p2a: Kingambit|Sucker Punch||[still]\n|-fail|p2a: Kingambit\n|\n|upkeep\n|turn|18\n|\n|t:|1789684708\n|move|p1a: Lokix|First Impression||[still]\n|-hint|First Impression only works on your first turn out.\n|-fail|p1a: Lokix\n|move|p2a: Kingambit|Knock Off|p1a: Lokix\n|-damage|p1a: Lokix|0 fnt\n|-enditem|p1a: Lokix|Choice Band|[from] move: Knock Off|[of] p2a: Kingambit\n|faint|p1a: Lokix\n|\n|upkeep\n|\n|t:|1789684708\n|switch|p1a: Corviknight|Corviknight|35/100\n|-ability|p1a: Corviknight|Pressure\n|turn|19\n|\n|t:|1789684710\n|move|p2a: Kingambit|Sucker Punch|p1a: Corviknight\n|-damage|p1a: Corviknight|0 fnt\n|-damage|p2a: Kingambit|84/100|[from] item: Rocky Helmet|[of] p1a: Corviknight\n|faint|p1a: Corviknight\n|\n|win|TheRealWhimsicott\n",
	"inputlog": ">start {\"formatid\":\"gen9rpou\",\"seed\":\"sodium,b0585fae116067ce4414789397f2dded\",\"rated\":\"Rated battle\"}\n>player p1 {\"name\":\"Bunny Stockfish\",\"avatar\":\"bunny.png\",\"team\":\"Corviknight||RockyHelmet|Pressure|BraveBird,Defog,Uturn,Roost|Impish|248,,252,,8,|N||||,,,G,,Fighting]Swampert||ChoiceBand|Torrent|StealthRock,IceBeam,Liquidation,WaveCharge|Bold|252,,252,,4,|N||||,,,,,Ghost]Pecharunt||HeavyDutyBoots|PoisonPuppeteer|NastyPlot,MalignantChain,ShadowBall,Recover|Timid|252,,,4,,252|N||||,,,,,Ghost]Toxapex||AssaultVest|Regenerator|SludgeBomb,Surf,IceBeam,Undertow|Bold|248,,8,252,,|N|,0,,,,|||,,,,,Dark]Dragonite||HeavyDutyBoots|Multiscale|DragonTail,ExtremeSpeed,Earthquake,Roost|Adamant|252,240,,,,16|N||||,,,,,Normal]Lokix||ChoiceBand|TintedLens|FirstImpression,Uturn,HiveFrenzy,LeechLife|Adamant|,252,4,,,252|N||||,,,,,Bug\",\"rating\":1332}\n>player p2 {\"name\":\"TheRealWhimsicott\",\"avatar\":\"1\",\"team\":\"Kingambit||BlackGlasses|SupremeOverlord|KnockOff,LowKick,SuckerPunch,SwordsDance|Adamant|252,252,,,4,|N||||,,,,,Dark]Haxorus||LoadedDice|MoldBreaker|HoneClaws,ScaleShot,Earthquake,IronHead|Jolly|4,252,,,,252|N||||,,,,,Steel]Pawmot||ChoiceBand|IronFist|RevivalBlessing,SparkScamper,CloseCombat,DoubleShock|Jolly|4,252,,,,252|N||||,,,,,Electric]Glaceon||ChoiceSpecs|DiamondDust|EarthPower,FreezeDry,FocusBlast,Blizzard|Modest|,,,252,4,252|N|,0,,,,|||,,,,,Ice]Tapu Koko||TerrainExtender|ElectricSurge|Uturn,Roost,Thunderbolt,DazzlingGleam|Timid|4,,,252,,252|N||||,,,,,Electric]Corviknight||Leftovers|Pressure|Roost,Uturn,Protect,Defog|Impish|252,,252,,4,|N||||,,,,,Flying\",\"rating\":1338}\n>chat ☆Bunny Stockfish|Good luck! Playing on **stockfish**.\n>p1 team 2, 3, 6, 5, 1, 4\n>p2 team 4, 2, 3, 1, 5, 6\n>p1 move liquidation dynamax\n>p2 move freezedry\n>p1 switch 5\n>p1 move bravebird\n>p2 move freezedry\n>p1 switch 2\n>p2 move freezedry\n>p1 move malignantchain\n>p2 move freezedry\n>p1 switch 3\n>p1 move firstimpression terastallize\n>p2 switch 6\n>p1 switch 4\n>p2 move uturn\n>p2 switch 6\n>p1 move earthquake\n>p2 move freezedry\n>p1 switch 4\n>p1 move firstimpression\n>p2 switch 6\n>p1 switch 6\n>p2 move uturn\n>p2 switch 6\n>p1 move sludgebomb\n>p2 move freezedry\n>p1 move sludgebomb\n>p2 move freezedry\n>p1 switch 6\n>p1 move firstimpression\n>p2 switch 6\n>p1 move firstimpression\n>p2 move uturn\n>p2 switch 4\n>p1 move firstimpression\n>p2 move swordsdance\n>p1 move firstimpression\n>p2 move swordsdance\n>p1 move firstimpression\n>p2 move swordsdance\n>p1 move firstimpression\n>p2 move suckerpunch\n>p1 move firstimpression\n>p2 move knockoff\n>p1 switch 2\n>p1 move uturn\n>p2 move suckerpunch",
	"uploadtime": 1789684710
}