{
	"id": "gen9rpou-1-tlhgbp",
	"format": "[Gen 9] RP OU",
	"players": [
		"Bunny Stockfish",
		"SlimeQueenSamantha"
	],
	"rating": null,
	"log": "|j|☆Bunny Stockfish\n|j|☆SlimeQueenSamantha\n|t:|1789605911\n|gametype|singles\n|player|p1|Bunny Stockfish|bunny.png|1332\n|player|p2|SlimeQueenSamantha|queen.png|1214\n|gen|9\n|tier|[Gen 9] RP OU\n|rated|\n|rule|HP Percentage Mod: HP is shown in percentages\n|rule|Endless Battle Clause: Forcing endless battles is banned\n|rule|Species Clause: Limit one of each Pokémon\n|rule|OHKO Clause: OHKO moves are banned\n|rule|Evasion Clause: Evasion abilities, items, and moves are banned\n|rule|Evasion Abilities Clause: Evasion abilities are banned\n|rule|Evasion Items Clause: Evasion items are banned\n|rule|Evasion Moves Clause: Evasion moves are banned\n|rule|Sleep Clause Mod: Limit one foe put to sleep\n|clearpoke\n|poke|p1|Cinderace|\n|poke|p1|Samurott-Hisui|\n|poke|p1|Slowking-Galar|\n|poke|p1|Gliscor|\n|poke|p1|Gholdengo|\n|poke|p1|Toxapex|\n|poke|p2|Spiritomb|\n|poke|p2|Espeon|\n|poke|p2|Clefable|\n|poke|p2|Clodsire|\n|poke|p2|Empoleon|\n|poke|p2|Zygarde|\n|teampreview\n|c|☆Bunny Stockfish|Good luck! Playing on **stockfish**.\n|\n|t:|1789605916\n|teamsize|p1|6\n|teamsize|p2|6\n|start\n|switch|p1a: Cinderace|Cinderace|100/100\n|switch|p2a: Spiritomb|Spiritomb|100/100\n|turn|1\n|\n|t:|1789605919\n|-terastallize|p1a: Cinderace|Fire\n|move|p1a: Cinderace|Pyro Ball|p2a: Spiritomb\n|-damage|p2a: Spiritomb|38/100\n|move|p2a: Spiritomb|Strength Sap|p1a: Cinderace\n|-unboost|p1a: Cinderace|atk|1\n|-heal|p2a: Spiritomb|100/100\n|\n|upkeep\n|turn|2\n|\n|t:|1789605925\n|move|p1a: Cinderace|Pyro Ball|p2a: Spiritomb\n|-damage|p2a: Spiritomb|61/100\n|move|p2a: Spiritomb|Strength Sap|p1a: Cinderace\n|-unboost|p1a: Cinderace|atk|1\n|-heal|p2a: Spiritomb|100/100\n|\n|upkeep\n|turn|3\n|\n|t:|1789605929\n|move|p1a: Cinderace|Pyro Ball|p2a: Spiritomb|[miss]\n|-miss|p1a: Cinderace|p2a: Spiritomb\n|move|p2a: Spiritomb|Strength Sap|p1a: Cinderace\n|-unboost|p1a: Cinderace|atk|1\n|\n|upkeep\n|turn|4\n|\n|t:|1789605932\n|move|p1a: Cinderace|Pyro Ball|p2a: Spiritomb\n|-damage|p2a: Spiritomb|78/100\n|move|p2a: Spiritomb|Strength Sap|p1a: Cinderace\n|-unboost|p1a: Cinderace|atk|1\n|-heal|p2a: Spiritomb|100/100\n|\n|upkeep\n|turn|5\n|\n|t:|1789605934\n|move|p1a: Cinderace|Pyro Ball|p2a: Spiritomb\n|-damage|p2a: Spiritomb|80/100\n|move|p2a: Spiritomb|Strength Sap|p1a: Cinderace\n|-unboost|p1a: Cinderace|atk|1\n|-heal|p2a: Spiritomb|100/100\n|\n|upkeep\n|turn|6\n|\n|t:|1789605936\n|move|p1a: Cinderace|Pyro Ball|p2a: Spiritomb\n|-damage|p2a: Spiritomb|83/100\n|move|p2a: Spiritomb|Strength Sap|p1a: Cinderace\n|-unboost|p1a: Cinderace|atk|1\n|-heal|p2a: Spiritomb|100/100\n|\n|upkeep\n|turn|7\n|\n|t:|1789605940\n|move|p1a: Cinderace|Pyro Ball|p2a: Spiritomb\n|-damage|p2a: Spiritomb|85/100\n|move|p2a: Spiritomb|Strength Sap||[still]\n|-fail|p2a: Spiritomb\n|\n|-heal|p2a: Spiritomb|91/100|[from] item: Leftovers\n|upkeep\n|turn|8\n|\n|t:|1789605948\n|move|p1a: Cinderace|Pyro Ball|p2a: Spiritomb\n|-damage|p2a: Spiritomb|75/100\n|-status|p2a: Spiritomb|brn\n|move|p2a: Spiritomb|Soul Toll|p1a: Cinderace\n|-damage|p1a: Cinderace|63/100\n|\n|-heal|p2a: Spiritomb|81/100 brn|[from] item: Leftovers\n|-damage|p2a: Spiritomb|75/100 brn|[from] brn\n|upkeep\n|turn|9\n|\n|t:|1789605951\n|move|p1a: Cinderace|U-turn|p2a: Spiritomb\n|-damage|p2a: Spiritomb|70/100 brn\n|\n|t:|1789605952\n|switch|p1a: Gholdengo|Gholdengo|100/100|[from] U-turn\n|move|p2a: Spiritomb|Soul Toll|p1a: Gholdengo\n|-supereffective|p1a: Gholdengo\n|-damage|p1a: Gholdengo|38/100\n|\n|-heal|p2a: Spiritomb|76/100 brn|[from] item: Leftovers\n|-damage|p2a: Spiritomb|70/100 brn|[from] brn\n|upkeep\n|turn|10\n|\n|t:|1789605956\n|-start|p1a: Gholdengo|Dynamax|\n|-heal|p1a: Gholdengo|38/100|[silent]\n|move|p1a: Gholdengo|Max Steelspike|p2a: Spiritomb\n|-damage|p2a: Spiritomb|22/100 brn\n|-boost|p1a: Gholdengo|def|1\n|move|p2a: Spiritomb|Soul Toll|p1a: Gholdengo\n|-supereffective|p1a: Gholdengo\n|-crit|p1a: Gholdengo\n|-damage|p1a: Gholdengo|0 fnt\n|faint|p1a: Gholdengo\n|\n|-heal|p2a: Spiritomb|28/100 brn|[from] item: Leftovers\n|-damage|p2a: Spiritomb|22/100 brn|[from] brn\n|upkeep\n|\n|t:|1789605957\n|switch|p1a: Cinderace|Cinderace, tera:Fire|63/100\n|turn|11\n|\n|t:|1789605962\n|move|p1a: Cinderace|U-turn|p2a: Spiritomb\n|-damage|p2a: Spiritomb|4/100 brn\n|\n|t:|1789605962\n|switch|p1a: Samurott|Samurott-Hisui|100/100|[from] U-turn\n|move|p2a: Spiritomb|Soul Toll|p1a: Samurott\n|-resisted|p1a: Samurott\n|-damage|p1a: Samurott|90/100\n|\n|-heal|p2a: Spiritomb|10/100 brn|[from] item: Leftovers\n|-damage|p2a: Spiritomb|4/100 brn|[from] brn\n|upkeep\n|turn|12\n|\n|t:|1789605998\n|move|p1a: Samurott|Aqua Cutter|p2a: Spiritomb\n|-ability|p2a: Spiritomb|Keystone Legion\n|-message|The spirits of the keystone shield Spiritomb!\n|-start|p1a: Samurott|Curse|[of] p2a: Spiritomb\n|-damage|p2a: Spiritomb|1/100 brn\n|move|p2a: Spiritomb|Strength Sap|p1a: Samurott\n|-unboost|p1a: Samurott|atk|1\n|-heal|p2a: Spiritomb|81/100 brn\n|\n|-heal|p2a: Spiritomb|87/100 brn|[from] item: Leftovers\n|-damage|p2a: Spiritomb|81/100 brn|[from] brn\n|-damage|p1a: Samurott|65/100|[from] Curse\n|upkeep\n|turn|13\n|\n|t:|1789606007\n|move|p2a: Spiritomb|Soul Toll|p1a: Samurott\n|-resisted|p1a: Samurott\n|-damage|p1a: Samurott|43/100\n|-heal|p2a: Spiritomb|92/100 brn|[from] drain|[of] p1a: Samurott\n|move|p1a: Samurott|Aqua Cutter|p2a: Spiritomb\n|-damage|p2a: Spiritomb|66/100 brn\n|\n|-heal|p2a: Spiritomb|72/100 brn|[from] item: Leftovers\n|-damage|p2a: Spiritomb|66/100 brn|[from] brn\n|-damage|p1a: Samurott|18/100|[from] Curse\n|upkeep\n|turn|14\n|\n|t:|1789606013\n|move|p2a: Spiritomb|Soul Toll|p1a: Samurott\n|-resisted|p1a: Samurott\n|-damage|p1a: Samurott|0 fnt\n|-heal|p2a: Spiritomb|75/100 brn|[from] drain|[of] p1a: Samurott\n|faint|p1a: Samurott\n|-message|A soul joins the legion. Spiritomb's keystone mends!\n|\n|-heal|p2a: Spiritomb|81/100 brn|[from] item: Leftovers\n|-damage|p2a: Spiritomb|75/100 brn|[from] brn\n|upkeep\n|\n|t:|1789606013\n|switch|p1a: Cinderace|Cinderace, tera:Fire|63/100\n|turn|15\n|\n|t:|1789606022\n|move|p1a: Cinderace|U-turn|p2a: Spiritomb\n|-damage|p2a: Spiritomb|57/100 brn\n|\n|t:|1789606022\n|switch|p1a: Gliscor|Gliscor|100/100|[from] U-turn\n|move|p2a: Spiritomb|Strength Sap|p1a: Gliscor\n|-unboost|p1a: Gliscor|atk|1\n|-heal|p2a: Spiritomb|100/100 brn\n|\n|-damage|p2a: Spiritomb|94/100 brn|[from] brn\n|-status|p1a: Gliscor|tox|[from] item: Toxic Orb\n|upkeep\n|turn|16\n|\n|t:|1789606029\n|move|p1a: Gliscor|Earthquake|p2a: Spiritomb\n|-damage|p2a: Spiritomb|78/100 brn\n|move|p2a: Spiritomb|Soul Toll|p1a: Gliscor\n|-damage|p1a: Gliscor|73/100 tox\n|\n|-heal|p2a: Spiritomb|84/100 brn|[from] item: Leftovers\n|-heal|p1a: Gliscor|85/100 tox|[from] ability: Poison Heal\n|-damage|p2a: Spiritomb|78/100 brn|[from] brn\n|upkeep\n|turn|17\n|\n|t:|1789606033\n|move|p1a: Gliscor|Earthquake|p2a: Spiritomb\n|-damage|p2a: Spiritomb|61/100 brn\n|move|p2a: Spiritomb|Hex|p1a: Gliscor\n|-damage|p1a: Gliscor|46/100 tox\n|\n|-heal|p2a: Spiritomb|67/100 brn|[from] item: Leftovers\n|-heal|p1a: Gliscor|59/100 tox|[from] ability: Poison Heal\n|-damage|p2a: Spiritomb|61/100 brn|[from] brn\n|upkeep\n|turn|18\n|\n|t:|1789606035\n|switch|p1a: Toxapex|Toxapex|100/100\n|move|p2a: Spiritomb|Strength Sap|p1a: Toxapex\n|-unboost|p1a: Toxapex|atk|1\n|-heal|p2a: Spiritomb|100/100 brn\n|\n|-damage|p2a: Spiritomb|94/100 brn|[from] brn\n|upkeep\n|turn|19\n|\n|t:|1789606065\n|move|p1a: Toxapex|Toxic Spikes|p2a: Spiritomb\n|-sidestart|p2: SlimeQueenSamantha|move: Toxic Spikes\n|move|p2a: Spiritomb|Strength Sap|p1a: Toxapex\n|-unboost|p1a: Toxapex|atk|1\n|-heal|p2a: Spiritomb|100/100 brn\n|\n|-damage|p2a: Spiritomb|94/100 brn|[from] brn\n|upkeep\n|turn|20\n|\n|t:|1789606067\n|move|p1a: Toxapex|Infestation|p2a: Spiritomb\n|-damage|p2a: Spiritomb|93/100 brn\n|-activate|p2a: Spiritomb|move: Infestation|[of] p1a: Toxapex\n|move|p2a: Spiritomb|Will-O-Wisp|p1a: Toxapex\n|-status|p1a: Toxapex|brn\n|\n|-heal|p2a: Spiritomb|99/100 brn|[from] item: Leftovers\n|-damage|p1a: Toxapex|95/100 brn|[from] brn\n|-damage|p2a: Spiritomb|93/100 brn|[from] brn\n|-damage|p2a: Spiritomb|80/100 brn|[from] move: Infestation|[partiallytrapped]\n|upkeep\n|turn|21\n|\n|t:|1789606069\n|move|p1a: Toxapex|Infestation|p2a: Spiritomb\n|-damage|p2a: Spiritomb|79/100 brn\n|move|p2a: Spiritomb|Hex|p1a: Toxapex\n|-damage|p1a: Toxapex|58/100 brn\n|\n|-heal|p1a: Toxapex|64/100 brn|[from] item: Leftovers\n|-heal|p2a: Spiritomb|85/100 brn|[from] item: Leftovers\n|-damage|p2a: Spiritomb|79/100 brn|[from] brn\n|-damage|p1a: Toxapex|58/100 brn|[from] brn\n|-damage|p2a: Spiritomb|67/100 brn|[from] move: Infestation|[partiallytrapped]\n|upkeep\n|turn|22\n|\n|t:|1789606071\n|move|p1a: Toxapex|Infestation|p2a: Spiritomb\n|-damage|p2a: Spiritomb|65/100 brn\n|move|p2a: Spiritomb|Hex|p1a: Toxapex\n|-damage|p1a: Toxapex|25/100 brn\n|\n|-heal|p1a: Toxapex|31/100 brn|[from] item: Leftovers\n|-heal|p2a: Spiritomb|71/100 brn|[from] item: Leftovers\n|-damage|p2a: Spiritomb|65/100 brn|[from] brn\n|-damage|p1a: Toxapex|25/100 brn|[from] brn\n|-damage|p2a: Spiritomb|53/100 brn|[from] move: Infestation|[partiallytrapped]\n|upkeep\n|turn|23\n|\n|t:|1789606073\n|move|p1a: Toxapex|Infestation|p2a: Spiritomb\n|-damage|p2a: Spiritomb|51/100 brn\n|move|p2a: Spiritomb|Hex|p1a: Toxapex\n|-damage|p1a: Toxapex|0 fnt\n|faint|p1a: Toxapex\n|\n|-heal|p2a: Spiritomb|57/100 brn|[from] item: Leftovers\n|-damage|p2a: Spiritomb|51/100 brn|[from] brn\n|-end|p2a: Spiritomb|Infestation|[partiallytrapped]|[silent]\n|upkeep\n|\n|t:|1789606073\n|switch|p1a: Cinderace|Cinderace, tera:Fire|63/100\n|turn|24\n|\n|t:|1789606076\n|move|p1a: Cinderace|U-turn|p2a: Spiritomb\n|-damage|p2a: Spiritomb|33/100 brn\n|\n|t:|1789606076\n|switch|p1a: Slowking|Slowking-Galar|100/100|[from] U-turn\n|move|p2a: Spiritomb|Strength Sap|p1a: Slowking\n|-unboost|p1a: Slowking|atk|1\n|-heal|p2a: Spiritomb|77/100 brn\n|\n|-heal|p2a: Spiritomb|83/100 brn|[from] item: Leftovers\n|-damage|p2a: Spiritomb|77/100 brn|[from] brn\n|upkeep\n|turn|25\n|\n|t:|1789606082\n|move|p2a: Spiritomb|Soul Toll|p1a: Slowking\n|-supereffective|p1a: Slowking\n|-damage|p1a: Slowking|65/100\n|move|p1a: Slowking|Sludge Bomb|p2a: Spiritomb\n|-resisted|p2a: Spiritomb\n|-damage|p2a: Spiritomb|67/100 brn\n|\n|-heal|p2a: Spiritomb|73/100 brn|[from] item: Leftovers\n|-damage|p2a: Spiritomb|67/100 brn|[from] brn\n|upkeep\n|turn|26\n|\n|t:|1789606087\n|move|p2a: Spiritomb|Hex|p1a: Slowking\n|-supereffective|p1a: Slowking\n|-damage|p1a: Slowking|39/100\n|move|p1a: Slowking|Sludge Bomb|p2a: Spiritomb\n|-resisted|p2a: Spiritomb\n|-damage|p2a: Spiritomb|57/100 brn\n|\n|-heal|p2a: Spiritomb|63/100 brn|[from] item: Leftovers\n|-damage|p2a: Spiritomb|57/100 brn|[from] brn\n|upkeep\n|turn|27\n|\n|t:|1789606090\n|move|p2a: Spiritomb|Soul Toll|p1a: Slowking\n|-supereffective|p1a: Slowking\n|-damage|p1a: Slowking|7/100\n|move|p1a: Slowking|Sludge Bomb|p2a: Spiritomb\n|-resisted|p2a: Spiritomb\n|-crit|p2a: Spiritomb\n|-damage|p2a: Spiritomb|42/100 brn\n|\n|-heal|p2a: Spiritomb|48/100 brn|[from] item: Leftovers\n|-damage|p2a: Spiritomb|42/100 brn|[from] brn\n|upkeep\n|turn|28\n|\n|t:|1789606092\n|move|p2a: Spiritomb|Soul Toll|p1a: Slowking\n|-supereffective|p1a: Slowking\n|-damage|p1a: Slowking|0 fnt\n|faint|p1a: Slowking\n|\n|-heal|p2a: Spiritomb|48/100 brn|[from] item: Leftovers\n|-damage|p2a: Spiritomb|42/100 brn|[from] brn\n|upkeep\n|\n|t:|1789606092\n|switch|p1a: Cinderace|Cinderace, tera:Fire|63/100\n|turn|29\n|\n|t:|1789606095\n|move|p1a: Cinderace|U-turn|p2a: Spiritomb\n|-damage|p2a: Spiritomb|22/100 brn\n|\n|t:|1789606095\n|switch|p1a: Gliscor|Gliscor|59/100 tox|[from] U-turn\n|move|p2a: Spiritomb|Strength Sap|p1a: Gliscor\n|-unboost|p1a: Gliscor|atk|1\n|-heal|p2a: Spiritomb|83/100 brn\n|\n|-heal|p2a: Spiritomb|89/100 brn|[from] item: Leftovers\n|-heal|p1a: Gliscor|71/100 tox|[from] ability: Poison Heal\n|-damage|p2a: Spiritomb|83/100 brn|[from] brn\n|upkeep\n|turn|30\n|\n|t:|1789606098\n|move|p1a: Gliscor|Earthquake|p2a: Spiritomb\n|-damage|p2a: Spiritomb|67/100 brn\n|move|p2a: Spiritomb|Soul Toll|p1a: Gliscor\n|-damage|p1a: Gliscor|46/100 tox\n|\n|-heal|p2a: Spiritomb|73/100 brn|[from] item: Leftovers\n|-heal|p1a: Gliscor|59/100 tox|[from] ability: Poison Heal\n|-damage|p2a: Spiritomb|67/100 brn|[from] brn\n|upkeep\n|turn|31\n|\n|t:|1789606100\n|move|p1a: Gliscor|Earthquake|p2a: Spiritomb\n|-damage|p2a: Spiritomb|48/100 brn\n|move|p2a: Spiritomb|Strength Sap|p1a: Gliscor\n|-unboost|p1a: Gliscor|atk|1\n|-heal|p2a: Spiritomb|88/100 brn\n|\n|-heal|p2a: Spiritomb|94/100 brn|[from] item: Leftovers\n|-heal|p1a: Gliscor|71/100 tox|[from] ability: Poison Heal\n|-damage|p2a: Spiritomb|88/100 brn|[from] brn\n|upkeep\n|turn|32\n|\n|t:|1789606102\n|move|p1a: Gliscor|Earthquake|p2a: Spiritomb\n|-damage|p2a: Spiritomb|75/100 brn\n|move|p2a: Spiritomb|Hex|p1a: Gliscor\n|-crit|p1a: Gliscor\n|-damage|p1a: Gliscor|10/100 tox\n|\n|-heal|p2a: Spiritomb|81/100 brn|[from] item: Leftovers\n|-heal|p1a: Gliscor|22/100 tox|[from] ability: Poison Heal\n|-damage|p2a: Spiritomb|75/100 brn|[from] brn\n|upkeep\n|turn|33\n|\n|t:|1789606104\n|move|p1a: Gliscor|Earthquake|p2a: Spiritomb\n|-damage|p2a: Spiritomb|61/100 brn\n|move|p2a: Spiritomb|Hex|p1a: Gliscor\n|-crit|p1a: Gliscor\n|-damage|p1a: Gliscor|0 fnt\n|faint|p1a: Gliscor\n|\n|-heal|p2a: Spiritomb|67/100 brn|[from] item: Leftovers\n|-damage|p2a: Spiritomb|61/100 brn|[from] brn\n|upkeep\n|\n|t:|1789606104\n|switch|p1a: Cinderace|Cinderace, tera:Fire|63/100\n|turn|34\n|\n|t:|1789606107\n|move|p1a: Cinderace|U-turn|p2a: Spiritomb\n|-damage|p2a: Spiritomb|44/100 brn\n|move|p2a: Spiritomb|Strength Sap|p1a: Cinderace\n|-unboost|p1a: Cinderace|atk|1\n|-heal|p2a: Spiritomb|100/100 brn\n|\n|-damage|p2a: Spiritomb|94/100 brn|[from] brn\n|upkeep\n|turn|35\n|\n|t:|1789606110\n|move|p1a: Cinderace|U-turn|p2a: Spiritomb\n|-damage|p2a: Spiritomb|81/100 brn\n|move|p2a: Spiritomb|Soul Toll|p1a: Cinderace\n|-damage|p1a: Cinderace|19/100\n|\n|-heal|p2a: Spiritomb|87/100 brn|[from] item: Leftovers\n|-damage|p2a: Spiritomb|81/100 brn|[from] brn\n|upkeep\n|turn|36\n|\n|t:|1789606112\n|move|p1a: Cinderace|U-turn|p2a: Spiritomb\n|-damage|p2a: Spiritomb|68/100 brn\n|move|p2a: Spiritomb|Soul Toll|p1a: Cinderace\n|-damage|p1a: Cinderace|0 fnt\n|faint|p1a: Cinderace\n|\n|win|SlimeQueenSamantha\n",
	"inputlog": ">start {\"formatid\":\"gen9rpou\",\"seed\":\"sodium,9f53bfe7e7f7e6daefe05b149f677aa7\",\"rated\":\"Rated battle\"}\n>player p1 {\"name\":\"Bunny Stockfish\",\"avatar\":\"bunny.png\",\"team\":\"Cinderace||HeavyDutyBoots|Libero|PyroBall,Uturn,CourtChange,HighJumpKick|Jolly|,252,,,4,252|N||||,,,,,Fire]Samurott|SamurottHisui|AssaultVest|Sharpness|CeaselessEdge,AquaCutter,AquaJet,KnockOff|Adamant|248,84,,,124,52|N||||,,,,,Poison]Slowking|SlowkingGalar|ColburBerry|Regenerator|ChillyReception,SludgeBomb,PsychicNoise,Toxic|Sassy|252,,4,,252,|N|,,,,,0|||,,,,,Fairy]Gliscor||ToxicOrb|PoisonHeal|HiveFrenzy,Earthquake,KnockOff,Protect|Impish|244,,36,,228,|N||||,,,,,Fairy]Gholdengo||MetalCoat|GoodasGold|NastyPlot,MakeItRain,Thunderbolt,Recover|Timid|,,,252,4,252|N|,0,,,,|||,,,,,Fighting]Toxapex||Leftovers|Regenerator|Recover,ToxicSpikes,Haze,Infestation|Impish|248,,252,,8,|N||||,,,,,Steel\",\"rating\":1332}\n>player p2 {\"name\":\"SlimeQueenSamantha\",\"avatar\":\"queen.png\",\"team\":\"Spiritomb||Leftovers|KeystoneLegion|SoulToll,StrengthSap,Hex,WillOWisp|Calm|252,,4,,252,|N||||,,,,,Ghost]Espeon||Leftovers|Prescience|Recover,FutureSight,Teleport,Reflect|Bold|252,,4,,,252|N|,0,,,,|||,,,,,Steel]Clefable||HeavyDutyBoots|Unaware|Teleport,Wish,HealBell,Protect|Bold|252,,252,4,,|N|,0,,,,|||,,,,,Fairy]Clodsire||HeavyDutyBoots|Unaware|Earthquake,Recover,Toxic,Amnesia|Careful|248,,8,,252,|N||||,,,,,Steel]Empoleon||Leftovers|EmperorsPride|Scald,FreezeDry,RoyalDecree,Roost|Bold|252,,252,4,,|N|,0,,,,|||,,,,,Water]Zygarde||Leftovers|AuraBreak|ThousandArrows,Coil,Rest,Glare|Adamant|252,252,,,4,|N||||,,,,,Dragon\",\"rating\":1214}\n>chat ☆Bunny Stockfish|Good luck! Playing on **stockfish**.\n>p1 team 1, 5, 4, 2, 6, 3\n>p2 team 1, 2, 3, 4, 5, 6\n>p1 move pyroball terastallize\n>p2 move strengthsap\n>p1 move pyroball\n>p2 move strengthsap\n>p1 move pyroball\n>p2 move strengthsap\n>p1 move pyroball\n>p2 move strengthsap\n>p1 move pyroball\n>p2 move strengthsap\n>p1 move pyroball\n>p2 move strengthsap\n>p1 move pyroball\n>p2 move strengthsap\n>p1 move pyroball\n>p2 move soultoll\n>p1 move uturn\n>p2 move soultoll\n>p1 switch 2\n>p1 move makeitrain dynamax\n>p2 move soultoll\n>p1 switch 2\n>p1 move uturn\n>p2 move soultoll\n>p1 switch 4\n>p1 move aquacutter\n>p2 move strengthsap\n>p1 move aquacutter\n>p2 move soultoll\n>p1 move aquacutter\n>p2 move soultoll\n>p1 switch 4\n>p1 move uturn\n>p2 move strengthsap\n>p1 switch 3\n>p1 move earthquake\n>p2 move soultoll\n>p1 move earthquake\n>p2 move hex\n>p1 switch 5\n>p2 move strengthsap\n>p1 move toxicspikes\n>p2 move strengthsap\n>p1 move infestation\n>p2 move willowisp\n>p1 move infestation\n>p2 move hex\n>p1 move infestation\n>p2 move hex\n>p1 move infestation\n>p2 move hex\n>p1 switch 3\n>p1 move uturn\n>p2 move strengthsap\n>p1 switch 6\n>p1 move sludgebomb\n>p2 move soultoll\n>p1 move sludgebomb\n>p2 move hex\n>p1 move sludgebomb\n>p2 move soultoll\n>p1 move sludgebomb\n>p2 move soultoll\n>p1 switch 6\n>p1 move uturn\n>p2 move strengthsap\n>p1 switch 5\n>p1 move earthquake\n>p2 move soultoll\n>p1 move earthquake\n>p2 move strengthsap\n>p1 move earthquake\n>p2 move hex\n>p1 move earthquake\n>p2 move hex\n>p1 switch 5\n>p1 move uturn\n>p2 move strengthsap\n>p1 move uturn\n>p2 move soultoll\n>p1 move uturn\n>p2 move soultoll",
	"uploadtime": 1789606112
}