{
	"id": "gen9rpou-2-tlhh96",
	"format": "[Gen 9] RP OU",
	"players": [
		"Bunny Stockfish",
		"SlimeQueenSamantha"
	],
	"rating": null,
	"log": "|j|☆Bunny Stockfish\n|j|☆SlimeQueenSamantha\n|t:|1789606904\n|gametype|singles\n|player|p1|Bunny Stockfish|bunny.png|1332\n|player|p2|SlimeQueenSamantha|queen.png|1235\n|gen|9\n|tier|[Gen 9] RP OU\n|rated|\n|rule|HP Percentage Mod: HP is shown in percentages\n|rule|Endless Battle Clause: Forcing endless battles is banned\n|rule|Species Clause: Limit one of each Pokémon\n|rule|OHKO Clause: OHKO moves are banned\n|rule|Evasion Clause: Evasion abilities, items, and moves are banned\n|rule|Evasion Abilities Clause: Evasion abilities are banned\n|rule|Evasion Items Clause: Evasion items are banned\n|rule|Evasion Moves Clause: Evasion moves are banned\n|rule|Sleep Clause Mod: Limit one foe put to sleep\n|clearpoke\n|poke|p1|Araquanid|\n|poke|p1|Zamazenta-*|\n|poke|p1|Dragapult|\n|poke|p1|Landorus-Therian|\n|poke|p1|Ogerpon|\n|poke|p1|Clefable|\n|poke|p2|Spiritomb|\n|poke|p2|Espeon|\n|poke|p2|Clefable|\n|poke|p2|Clodsire|\n|poke|p2|Empoleon|\n|poke|p2|Zygarde|\n|teampreview\n|c|☆Bunny Stockfish|Good luck! Playing on **stockfish**.\n|\n|t:|1789606917\n|teamsize|p1|6\n|teamsize|p2|6\n|start\n|switch|p1a: Dragapult|Dragapult|100/100\n|switch|p2a: Empoleon|Empoleon|100/100\n|turn|1\n|\n|t:|1789606922\n|move|p1a: Dragapult|Shadow Ball|p2a: Empoleon\n|-damage|p2a: Empoleon|62/100\n|-damage|p1a: Dragapult|91/100|[from] item: Life Orb\n|move|p2a: Empoleon|Royal Decree|p1a: Dragapult\n|-sidestart|p1: Bunny Stockfish|Spikes\n|drag|p1a: Landorus|Landorus-Therian|100/100\n|-ability|p1a: Landorus|Intimidate|boost\n|-unboost|p2a: Empoleon|atk|1\n|-ability|p2a: Empoleon|Emperor's Pride|boost\n|-boost|p2a: Empoleon|spa|2\n|\n|-heal|p2a: Empoleon|69/100|[from] item: Leftovers\n|upkeep\n|turn|2\n|\n|t:|1789606932\n|-start|p2a: Empoleon|Dynamax|\n|-heal|p2a: Empoleon|69/100|[silent]\n|-terastallize|p1a: Landorus|Ground\n|move|p1a: Landorus|Earthquake|p2a: Empoleon\n|-supereffective|p2a: Empoleon\n|-damage|p2a: Empoleon|9/100\n|move|p2a: Empoleon|Max Geyser|p1a: Landorus\n|-supereffective|p1a: Landorus\n|-damage|p1a: Landorus|0 fnt\n|-weather|RainDance\n|faint|p1a: Landorus\n|\n|-weather|RainDance|[upkeep]\n|-heal|p2a: Empoleon|12/100|[from] item: Leftovers\n|upkeep\n|\n|t:|1789606933\n|switch|p1a: Zamazenta|Zamazenta|100/100\n|-damage|p1a: Zamazenta|88/100|[from] Spikes\n|-ability|p1a: Zamazenta|Dauntless Shield|boost\n|-boost|p1a: Zamazenta|def|1\n|turn|3\n|\n|t:|1789606944\n|move|p2a: Empoleon|Max Guard|p2a: Empoleon\n|-singleturn|p2a: Empoleon|Max Guard\n|move|p1a: Zamazenta|Close Combat|p2a: Empoleon\n|-activate|p2a: Empoleon|move: Max Guard\n|\n|-weather|RainDance|[upkeep]\n|-heal|p2a: Empoleon|16/100|[from] item: Leftovers\n|upkeep\n|turn|4\n|\n|t:|1789606949\n|move|p1a: Zamazenta|Close Combat|p2a: Empoleon\n|-supereffective|p2a: Empoleon\n|-damage|p2a: Empoleon|0 fnt\n|-unboost|p1a: Zamazenta|def|1\n|-unboost|p1a: Zamazenta|spd|1\n|faint|p2a: Empoleon\n|\n|-weather|RainDance|[upkeep]\n|upkeep\n|\n|t:|1789606953\n|switch|p2a: Spiritomb|Spiritomb|100/100\n|turn|5\n|\n|t:|1789606954\n|move|p1a: Zamazenta|Reflect|p1a: Zamazenta\n|-sidestart|p1: Bunny Stockfish|Reflect\n|move|p2a: Spiritomb|Will-O-Wisp|p1a: Zamazenta\n|-status|p1a: Zamazenta|brn\n|\n|-weather|RainDance|[upkeep]\n|-damage|p1a: Zamazenta|82/100 brn|[from] brn\n|upkeep\n|turn|6\n|\n|t:|1789606959\n|move|p1a: Zamazenta|Reflect||[still]\n|-fail|p1a: Zamazenta\n|move|p2a: Spiritomb|Strength Sap|p1a: Zamazenta\n|-unboost|p1a: Zamazenta|atk|1\n|\n|-weather|none\n|-damage|p1a: Zamazenta|76/100 brn|[from] brn\n|upkeep\n|turn|7\n|\n|t:|1789606960\n|move|p1a: Zamazenta|Reflect||[still]\n|-fail|p1a: Zamazenta\n|move|p2a: Spiritomb|Soul Toll|p1a: Zamazenta\n|-damage|p1a: Zamazenta|10/100 brn\n|\n|-damage|p1a: Zamazenta|4/100 brn|[from] brn\n|upkeep\n|turn|8\n|\n|t:|1789606965\n|move|p1a: Zamazenta|Reflect||[still]\n|-fail|p1a: Zamazenta\n|move|p2a: Spiritomb|Soul Toll|p1a: Zamazenta\n|-damage|p1a: Zamazenta|0 fnt\n|faint|p1a: Zamazenta\n|\n|upkeep\n|\n|t:|1789606965\n|switch|p1a: Clefable|Clefable|100/100\n|turn|9\n|\n|t:|1789606970\n|-start|p1a: Clefable|Dynamax|\n|-heal|p1a: Clefable|100/100|[silent]\n|move|p1a: Clefable|Max Starfall|p2a: Spiritomb\n|-supereffective|p2a: Spiritomb\n|-damage|p2a: Spiritomb|52/100\n|-fieldstart|move: Misty Terrain\n|move|p2a: Spiritomb|Will-O-Wisp|p1a: Clefable\n|-activate|p1a: Clefable|move: Misty Terrain\n|\n|-heal|p2a: Spiritomb|59/100|[from] item: Leftovers\n|upkeep\n|turn|10\n|\n|t:|1789606982\n|switch|p2a: Clodsire|Clodsire|100/100\n|move|p1a: Clefable|Max Starfall|p2a: Clodsire\n|-resisted|p2a: Clodsire\n|-damage|p2a: Clodsire|89/100\n|\n|upkeep\n|turn|11\n|\n|t:|1789606985\n|move|p1a: Clefable|Max Guard|p1a: Clefable\n|-singleturn|p1a: Clefable|Max Guard\n|move|p2a: Clodsire|Toxic|p1a: Clefable\n|-activate|p1a: Clefable|move: Max Guard\n|\n|upkeep\n|-end|p1a: Clefable|Dynamax\n|-heal|p1a: Clefable|100/100|[silent]\n|turn|12\n|\n|t:|1789606986\n|move|p1a: Clefable|Stealth Rock|p2a: Clodsire\n|-sidestart|p2: SlimeQueenSamantha|move: Stealth Rock\n|move|p2a: Clodsire|Toxic|p1a: Clefable\n|-activate|p1a: Clefable|move: Misty Terrain\n|\n|-sideend|p1: Bunny Stockfish|Reflect\n|upkeep\n|turn|13\n|\n|t:|1789606989\n|move|p1a: Clefable|Thunder Wave|p2a: Clodsire\n|-immune|p2a: Clodsire\n|move|p2a: Clodsire|Recover|p2a: Clodsire\n|-heal|p2a: Clodsire|100/100\n|\n|-fieldend|Misty Terrain\n|upkeep\n|turn|14\n|\n|t:|1789606991\n|move|p1a: Clefable|Thunder Wave|p2a: Clodsire\n|-immune|p2a: Clodsire\n|move|p2a: Clodsire|Toxic|p1a: Clefable\n|-status|p1a: Clefable|tox\n|\n|upkeep\n|turn|15\n|\n|t:|1789606998\n|move|p1a: Clefable|Thunder Wave|p2a: Clodsire\n|-immune|p2a: Clodsire\n|move|p2a: Clodsire|Amnesia|p2a: Clodsire\n|-boost|p2a: Clodsire|spd|2\n|\n|upkeep\n|turn|16\n|\n|t:|1789607001\n|move|p1a: Clefable|Thunder Wave|p2a: Clodsire\n|-immune|p2a: Clodsire\n|move|p2a: Clodsire|Earthquake|p1a: Clefable\n|-damage|p1a: Clefable|78/100 tox\n|\n|-heal|p1a: Clefable|85/100 tox|[from] item: Leftovers\n|upkeep\n|turn|17\n|\n|t:|1789607003\n|move|p1a: Clefable|Thunder Wave|p2a: Clodsire\n|-immune|p2a: Clodsire\n|move|p2a: Clodsire|Earthquake|p1a: Clefable\n|-damage|p1a: Clefable|64/100 tox\n|\n|-heal|p1a: Clefable|70/100 tox|[from] item: Leftovers\n|upkeep\n|turn|18\n|\n|t:|1789607013\n|switch|p2a: Espeon|Espeon|100/100\n|move|p1a: Clefable|Thunder Wave|p2a: Espeon\n|move|p2a: Espeon|Thunder Wave|p1a: Clefable|[from] ability: Prescience|[miss]\n|-miss|p2a: Espeon|p1a: Clefable\n|\n|-heal|p1a: Clefable|76/100 tox|[from] item: Leftovers\n|upkeep\n|turn|19\n|\n|t:|1789607020\n|move|p2a: Espeon|Future Sight|p1a: Clefable\n|-start|p2a: Espeon|move: Future Sight\n|move|p1a: Clefable|Moonblast|p2a: Espeon\n|-damage|p2a: Espeon|67/100\n|\n|-heal|p2a: Espeon|73/100|[from] item: Leftovers\n|-heal|p1a: Clefable|82/100 tox|[from] item: Leftovers\n|upkeep\n|turn|20\n|\n|t:|1789607024\n|switch|p1a: Dragapult|Dragapult|91/100\n|-damage|p1a: Dragapult|78/100|[from] Spikes\n|move|p2a: Espeon|Reflect|p2a: Espeon\n|-sidestart|p2: SlimeQueenSamantha|Reflect\n|\n|-heal|p2a: Espeon|79/100|[from] item: Leftovers\n|upkeep\n|turn|21\n|\n|t:|1789607037\n|switch|p2a: Clodsire|Clodsire|100/100\n|move|p1a: Dragapult|Shadow Ball|p2a: Clodsire\n|-damage|p2a: Clodsire|74/100\n|-damage|p1a: Dragapult|69/100|[from] item: Life Orb\n|\n|-end|p1a: Dragapult|move: Future Sight\n|-damage|p1a: Dragapult|0 fnt\n|faint|p1a: Dragapult\n|upkeep\n|\n|t:|1789607037\n|switch|p1a: Araquanid|Araquanid|100/100\n|-damage|p1a: Araquanid|88/100|[from] Spikes\n|turn|22\n|\n|t:|1789607043\n|move|p1a: Araquanid|Surf|p2a: Clodsire\n|-supereffective|p2a: Clodsire\n|-damage|p2a: Clodsire|46/100\n|move|p2a: Clodsire|Toxic|p1a: Araquanid\n|-status|p1a: Araquanid|tox\n|\n|-damage|p1a: Araquanid|82/100 tox|[from] psn\n|upkeep\n|turn|23\n|\n|t:|1789607046\n|move|p1a: Araquanid|Surf|p2a: Clodsire\n|-supereffective|p2a: Clodsire\n|-damage|p2a: Clodsire|17/100\n|move|p2a: Clodsire|Recover|p2a: Clodsire\n|-heal|p2a: Clodsire|67/100\n|\n|-damage|p1a: Araquanid|70/100 tox|[from] psn\n|upkeep\n|turn|24\n|\n|t:|1789607048\n|move|p1a: Araquanid|Surf|p2a: Clodsire\n|-supereffective|p2a: Clodsire\n|-damage|p2a: Clodsire|37/100\n|move|p2a: Clodsire|Recover|p2a: Clodsire\n|-heal|p2a: Clodsire|87/100\n|\n|-damage|p1a: Araquanid|51/100 tox|[from] psn\n|-sideend|p2: SlimeQueenSamantha|Reflect\n|upkeep\n|turn|25\n|\n|t:|1789607050\n|move|p1a: Araquanid|Surf|p2a: Clodsire\n|-supereffective|p2a: Clodsire\n|-damage|p2a: Clodsire|58/100\n|move|p2a: Clodsire|Amnesia|p2a: Clodsire\n|-boost|p2a: Clodsire|spd|2\n|\n|-damage|p1a: Araquanid|26/100 tox|[from] psn\n|upkeep\n|turn|26\n|\n|t:|1789607052\n|move|p1a: Araquanid|Surf|p2a: Clodsire\n|-supereffective|p2a: Clodsire\n|-damage|p2a: Clodsire|44/100\n|move|p2a: Clodsire|Earthquake|p1a: Araquanid\n|-resisted|p1a: Araquanid\n|-damage|p1a: Araquanid|13/100 tox\n|\n|-damage|p1a: Araquanid|0 fnt|[from] psn\n|faint|p1a: Araquanid\n|upkeep\n|\n|t:|1789607052\n|switch|p1a: Ogerpon|Ogerpon|100/100\n|turn|27\n|\n|t:|1789607055\n|move|p1a: Ogerpon|Ivy Cudgel|p2a: Clodsire\n|-damage|p2a: Clodsire|0 fnt\n|faint|p2a: Clodsire\n|\n|upkeep\n|\n|t:|1789607057\n|switch|p2a: Spiritomb|Spiritomb|59/100\n|-damage|p2a: Spiritomb|46/100|[from] Stealth Rock\n|turn|28\n|\n|t:|1789607060\n|move|p1a: Ogerpon|Ivy Cudgel|p2a: Spiritomb\n|-damage|p2a: Spiritomb|7/100\n|move|p2a: Spiritomb|Strength Sap|p1a: Ogerpon\n|-unboost|p1a: Ogerpon|atk|1\n|-ability|p1a: Ogerpon|Defiant|boost\n|-boost|p1a: Ogerpon|atk|2\n|-heal|p2a: Spiritomb|98/100\n|\n|-heal|p2a: Spiritomb|100/100|[from] item: Leftovers\n|upkeep\n|turn|29\n|\n|t:|1789607068\n|move|p1a: Ogerpon|Ivy Cudgel|p2a: Spiritomb\n|-damage|p2a: Spiritomb|43/100\n|move|p2a: Spiritomb|Will-O-Wisp|p1a: Ogerpon\n|-status|p1a: Ogerpon|brn\n|\n|-heal|p2a: Spiritomb|49/100|[from] item: Leftovers\n|-damage|p1a: Ogerpon|95/100 brn|[from] brn\n|upkeep\n|turn|30\n|\n|t:|1789607071\n|move|p1a: Ogerpon|Ivy Cudgel|p2a: Spiritomb\n|-damage|p2a: Spiritomb|22/100\n|move|p2a: Spiritomb|Strength Sap|p1a: Ogerpon\n|-unboost|p1a: Ogerpon|atk|1\n|-ability|p1a: Ogerpon|Defiant|boost\n|-boost|p1a: Ogerpon|atk|2\n|-heal|p2a: Spiritomb|100/100\n|\n|-damage|p1a: Ogerpon|89/100 brn|[from] brn\n|upkeep\n|turn|31\n|\n|t:|1789607076\n|move|p1a: Ogerpon|Ivy Cudgel|p2a: Spiritomb\n|-damage|p2a: Spiritomb|60/100\n|move|p2a: Spiritomb|Soul Toll|p1a: Ogerpon\n|-damage|p1a: Ogerpon|17/100 brn\n|\n|-heal|p2a: Spiritomb|66/100|[from] item: Leftovers\n|-damage|p1a: Ogerpon|11/100 brn|[from] brn\n|upkeep\n|turn|32\n|\n|t:|1789607082\n|move|p1a: Ogerpon|Ivy Cudgel|p2a: Spiritomb\n|-damage|p2a: Spiritomb|26/100\n|move|p2a: Spiritomb|Strength Sap|p1a: Ogerpon\n|-unboost|p1a: Ogerpon|atk|1\n|-ability|p1a: Ogerpon|Defiant|boost\n|-boost|p1a: Ogerpon|atk|2\n|-heal|p2a: Spiritomb|100/100\n|\n|-damage|p1a: Ogerpon|5/100 brn|[from] brn\n|upkeep\n|turn|33\n|\n|t:|1789607085\n|move|p1a: Ogerpon|Ivy Cudgel|p2a: Spiritomb\n|-damage|p2a: Spiritomb|48/100\n|move|p2a: Spiritomb|Strength Sap|p1a: Ogerpon\n|-unboost|p1a: Ogerpon|atk|1\n|-ability|p1a: Ogerpon|Defiant|boost\n|-boost|p1a: Ogerpon|atk|2\n|-heal|p2a: Spiritomb|100/100\n|\n|-damage|p1a: Ogerpon|0 fnt|[from] brn\n|faint|p1a: Ogerpon\n|upkeep\n|\n|t:|1789607085\n|switch|p1a: Clefable|Clefable|82/100 tox\n|turn|34\n|\n|t:|1789607096\n|move|p1a: Clefable|Moonblast|p2a: Spiritomb\n|-supereffective|p2a: Spiritomb\n|-damage|p2a: Spiritomb|60/100\n|move|p2a: Spiritomb|Soul Toll|p1a: Clefable\n|-damage|p1a: Clefable|31/100 tox\n|\n|-heal|p1a: Clefable|37/100 tox|[from] item: Leftovers\n|-heal|p2a: Spiritomb|66/100|[from] item: Leftovers\n|upkeep\n|turn|35\n|\n|t:|1789607102\n|move|p1a: Clefable|Moonblast|p2a: Spiritomb\n|-supereffective|p2a: Spiritomb\n|-damage|p2a: Spiritomb|29/100\n|move|p2a: Spiritomb|Soul Toll|p1a: Clefable\n|-damage|p1a: Clefable|0 fnt\n|faint|p1a: Clefable\n|\n|win|SlimeQueenSamantha\n",
	"inputlog": ">start {\"formatid\":\"gen9rpou\",\"seed\":\"sodium,e5d703f681fa6f7e13cc7e5312153dd1\",\"rated\":\"Rated battle\"}\n>player p1 {\"name\":\"Bunny Stockfish\",\"avatar\":\"bunny.png\",\"team\":\"Araquanid||CustapBerry|WaterAbsorb|WaveCharge,Surf,Endeavor,Lunge|Modest|252,,40,216,,|N||||,,,,,Ghost]Zamazenta||LightClay|DauntlessShield|Reflect,LightScreen,CloseCombat,Roar|Jolly|252,,4,,,252|N||||,,,,,Fire]Dragapult||LifeOrb|ClearBody|DragonDarts,DracoMeteor,ShadowBall,FireBlast|Naive|,4,,252,,252|N||||,,,,,Dragon]Landorus|LandorusTherian|ChoiceScarf|Intimidate|Earthquake,StoneEdge,Uturn,GrassKnot|Jolly|,252,4,,,252|N||||,,,,,Ground]Ogerpon||HeavyDutyBoots|Defiant|IvyCudgel,KnockOff,Uturn,Encore|Jolly|,252,4,,,252|N||||,,,,,Grass]Clefable||Leftovers|MagicGuard|StealthRock,Moonblast,Moonlight,ThunderWave|Bold|252,,252,,4,|N||||,,,,,Steel\",\"rating\":1332}\n>player p2 {\"name\":\"SlimeQueenSamantha\",\"avatar\":\"queen.png\",\"team\":\"Spiritomb||Leftovers|KeystoneLegion|SoulToll,StrengthSap,PartingShot,WillOWisp|Calm|252,,4,,252,|N||||,,,,,Ghost]Espeon||Leftovers|Prescience|Recover,FutureSight,Teleport,Reflect|Bold|252,,4,,,252|N|,0,,,,|||,,,,,Steel]Clefable||HeavyDutyBoots|Unaware|Teleport,Wish,HealBell,Protect|Bold|252,,252,4,,|N|,0,,,,|||,,,,,Fairy]Clodsire||HeavyDutyBoots|Unaware|Earthquake,Recover,Toxic,Amnesia|Careful|248,,8,,252,|N||||,,,,,Steel]Empoleon||Leftovers|EmperorsPride|Scald,FreezeDry,RoyalDecree,Roost|Bold|252,,252,4,,|N|,0,,,,|||,,,,,Water]Zygarde||Leftovers|AuraBreak|ThousandArrows,Coil,Rest,Glare|Adamant|252,252,,,4,|N||||,,,,,Dragon\",\"rating\":1235}\n>chat ☆Bunny Stockfish|Good luck! Playing on **stockfish**.\n>p1 team 3, 2, 5, 4, 6, 1\n>p2 team 5, 2, 3, 4, 1, 6\n>p1 move shadowball\n>p2 move royaldecree\n>p1 move earthquake terastallize\n>p2 move scald dynamax\n>p1 switch 2\n>p1 move closecombat\n>p2 move royaldecree dynamax\n>p1 move closecombat\n>p2 move scald dynamax\n>p2 switch 5\n>p1 move reflect\n>p2 move willowisp\n>p1 move reflect\n>p2 move strengthsap\n>p1 move reflect\n>p2 move soultoll\n>p1 move reflect\n>p2 move soultoll\n>p1 switch 5\n>p1 move moonblast dynamax\n>p2 move willowisp\n>p1 move moonblast dynamax\n>p2 switch 4\n>p1 move stealthrock dynamax\n>p2 move toxic\n>p1 move stealthrock\n>p2 move toxic\n>p1 move thunderwave\n>p2 move recover\n>p1 move thunderwave\n>p2 move toxic\n>p1 move thunderwave\n>p2 move amnesia\n>p1 move thunderwave\n>p2 move earthquake\n>p1 move thunderwave\n>p2 move earthquake\n>p1 move thunderwave\n>p2 switch 2\n>p1 move moonblast\n>p2 move futuresight\n>p1 switch 4\n>p2 move reflect\n>p1 move shadowball\n>p2 switch 2\n>p1 switch 6\n>p1 move surf\n>p2 move toxic\n>p1 move surf\n>p2 move recover\n>p1 move surf\n>p2 move recover\n>p1 move surf\n>p2 move amnesia\n>p1 move surf\n>p2 move earthquake\n>p1 switch 3\n>p1 move ivycudgel\n>p2 move recover\n>p2 switch 4\n>p1 move ivycudgel\n>p2 move strengthsap\n>p1 move ivycudgel\n>p2 move willowisp\n>p1 move ivycudgel\n>p2 move strengthsap\n>p1 move ivycudgel\n>p2 move soultoll\n>p1 move ivycudgel\n>p2 move strengthsap\n>p1 move ivycudgel\n>p2 move strengthsap\n>p1 switch 4\n>p1 move moonblast\n>p2 move soultoll\n>p1 move moonblast\n>p2 move soultoll",
	"uploadtime": 1789607102
}