{
	"id": "gen9rpou-15-tlj24k",
	"format": "[Gen 9] RP OU",
	"players": [
		"Bunny Champion",
		"TheRealWhimsicott"
	],
	"rating": null,
	"log": "|j|☆Bunny Champion\n|j|☆TheRealWhimsicott\n|t:|1789684298\n|gametype|singles\n|badge|p1|silver|gen9rpou|2-2\n|player|p1|Bunny Champion|bunny.png|1336\n|player|p2|TheRealWhimsicott|1|1304\n|gen|9\n|tier|[Gen 9] RP OU\n|rated|\n|rule|HP Percentage Mod: HP is shown in percentages\n|rule|Endless Battle Clause: Forcing endless battles is banned\n|rule|Species Clause: Limit one of each Pokémon\n|rule|OHKO Clause: OHKO moves are banned\n|rule|Evasion Clause: Evasion abilities, items, and moves are banned\n|rule|Evasion Abilities Clause: Evasion abilities are banned\n|rule|Evasion Items Clause: Evasion items are banned\n|rule|Evasion Moves Clause: Evasion moves are banned\n|rule|Sleep Clause Mod: Limit one foe put to sleep\n|clearpoke\n|poke|p1|Ninetales-Alola|\n|poke|p1|Corviknight|\n|poke|p1|Spiritomb|\n|poke|p1|Clefable|\n|poke|p1|Sinistcha-Masterpiece|\n|poke|p1|Slowking-Galar|\n|poke|p2|Kingambit|\n|poke|p2|Haxorus|\n|poke|p2|Pawmot|\n|poke|p2|Glaceon|\n|poke|p2|Tapu Koko|\n|poke|p2|Corviknight|\n|teampreview\n|c|☆Bunny Champion|Good luck! Playing on **champion**.\n|\n|t:|1789684315\n|teamsize|p1|6\n|teamsize|p2|6\n|start\n|switch|p1a: Slowking|Slowking-Galar|100/100\n|switch|p2a: Haxorus|Haxorus|100/100\n|-ability|p2a: Haxorus|Mold Breaker\n|turn|1\n|\n|t:|1789684318\n|switch|p1a: Clefable|Clefable|100/100\n|move|p2a: Haxorus|Hone Claws|p2a: Haxorus\n|-boost|p2a: Haxorus|atk|1\n|-boost|p2a: Haxorus|accuracy|1\n|\n|upkeep\n|turn|2\n|\n|t:|1789684324\n|-start|p2a: Haxorus|Dynamax|\n|-heal|p2a: Haxorus|100/100|[silent]\n|-start|p1a: Clefable|Dynamax|\n|-heal|p1a: Clefable|100/100|[silent]\n|move|p2a: Haxorus|Max Steelspike|p1a: Clefable\n|-supereffective|p1a: Clefable\n|-damage|p1a: Clefable|42/100\n|-boost|p2a: Haxorus|def|1\n|move|p1a: Clefable|Max Starfall|p2a: Haxorus\n|-supereffective|p2a: Haxorus\n|-damage|p2a: Haxorus|33/100\n|-fieldstart|move: Misty Terrain\n|\n|-heal|p1a: Clefable|45/100|[from] item: Leftovers\n|upkeep\n|turn|3\n|\n|t:|1789684335\n|move|p2a: Haxorus|Max Steelspike|p1a: Clefable\n|-supereffective|p1a: Clefable\n|-damage|p1a: Clefable|0 fnt\n|-boost|p2a: Haxorus|def|1\n|faint|p1a: Clefable\n|\n|upkeep\n|\n|t:|1789684336\n|switch|p1a: Ninetales|Ninetales-Alola|100/100\n|-weather|Snowscape|[from] ability: Snow Warning|[of] p1a: Ninetales\n|turn|4\n|\n|t:|1789684339\n|move|p1a: Ninetales|Moonblast|p2a: Haxorus\n|-supereffective|p2a: Haxorus\n|-crit|p2a: Haxorus\n|-damage|p2a: Haxorus|0 fnt\n|faint|p2a: Haxorus\n|\n|-weather|Snowscape|[upkeep]\n|upkeep\n|\n|t:|1789684344\n|switch|p2a: Tapu Koko|Tapu Koko|100/100\n|-fieldstart|move: Electric Terrain|[from] ability: Electric Surge|[of] p2a: Tapu Koko\n|turn|5\n|\n|t:|1789684346\n|move|p2a: Tapu Koko|U-turn|p1a: Ninetales\n|-resisted|p1a: Ninetales\n|-damage|p1a: Ninetales|93/100\n|\n|t:|1789684351\n|switch|p2a: Glaceon|Glaceon|100/100|[from] U-turn\n|move|p1a: Ninetales|Moonblast|p2a: Glaceon\n|-damage|p2a: Glaceon|66/100\n|\n|-weather|Snowscape|[upkeep]\n|upkeep\n|turn|6\n|\n|t:|1789684354\n|move|p2a: Glaceon|Blizzard|p1a: Ninetales\n|-resisted|p1a: Ninetales\n|-damage|p1a: Ninetales|48/100\n|move|p1a: Ninetales|Moonblast|p2a: Glaceon\n|-damage|p2a: Glaceon|28/100\n|\n|-weather|Snowscape|[upkeep]\n|upkeep\n|turn|7\n|\n|t:|1789684358\n|-terastallize|p2a: Glaceon|Ice\n|move|p2a: Glaceon|Blizzard|p1a: Ninetales\n|-resisted|p1a: Ninetales\n|-damage|p1a: Ninetales|0 fnt\n|faint|p1a: Ninetales\n|\n|-weather|Snowscape|[upkeep]\n|upkeep\n|\n|t:|1789684358\n|switch|p1a: Slowking|Slowking-Galar|100/100\n|turn|8\n|\n|t:|1789684363\n|switch|p2a: Kingambit|Kingambit|100/100\n|-activate|p2a: Kingambit|ability: Supreme Overlord\n|-start|p2a: Kingambit|fallen1|[silent]\n|move|p1a: Slowking|Flamethrower|p2a: Kingambit\n|-supereffective|p2a: Kingambit\n|-damage|p2a: Kingambit|54/100\n|\n|-weather|none\n|upkeep\n|turn|9\n|\n|t:|1789684367\n|move|p2a: Kingambit|Knock Off|p1a: Slowking\n|-supereffective|p1a: Slowking\n|-damage|p1a: Slowking|0 fnt\n|-enditem|p1a: Slowking|Assault Vest|[from] move: Knock Off|[of] p2a: Kingambit\n|faint|p1a: Slowking\n|\n|upkeep\n|\n|t:|1789684367\n|switch|p1a: Corviknight|Corviknight|100/100\n|turn|10\n|\n|t:|1789684371\n|-end|p2a: Kingambit|fallen1|[silent]\n|switch|p2a: Tapu Koko|Tapu Koko|100/100\n|-terastallize|p1a: Corviknight|Fighting\n|move|p1a: Corviknight|Body Press|p2a: Tapu Koko\n|-resisted|p2a: Tapu Koko\n|-crit|p2a: Tapu Koko\n|-damage|p2a: Tapu Koko|58/100\n|\n|upkeep\n|turn|11\n|\n|t:|1789684373\n|move|p2a: Tapu Koko|Thunderbolt|p1a: Corviknight\n|-damage|p1a: Corviknight|55/100\n|move|p1a: Corviknight|Iron Defense|p1a: Corviknight\n|-boost|p1a: Corviknight|def|2\n|\n|upkeep\n|turn|12\n|\n|t:|1789684376\n|switch|p1a: Sinistcha|Sinistcha-Masterpiece|100/100\n|move|p2a: Tapu Koko|Dazzling Gleam|p1a: Sinistcha\n|-damage|p1a: Sinistcha|62/100\n|\n|-fieldend|move: Electric Terrain\n|upkeep\n|turn|13\n|\n|t:|1789684379\n|move|p2a: Tapu Koko|U-turn|p1a: Sinistcha\n|-damage|p1a: Sinistcha|51/100\n|\n|t:|1789684381\n|switch|p2a: Pawmot|Pawmot|100/100|[from] U-turn\n|move|p1a: Sinistcha|Matcha Gotcha|p2a: Pawmot\n|-damage|p2a: Pawmot|45/100\n|-heal|p1a: Sinistcha|73/100|[from] drain|[of] p2a: Pawmot\n|\n|upkeep\n|turn|14\n|\n|t:|1789684385\n|switch|p2a: Corviknight|Corviknight|100/100\n|-ability|p2a: Corviknight|Pressure\n|move|p1a: Sinistcha|Matcha Gotcha|p2a: Corviknight\n|-resisted|p2a: Corviknight\n|-damage|p2a: Corviknight|93/100\n|-heal|p1a: Sinistcha|78/100|[from] drain|[of] p2a: Corviknight\n|\n|-heal|p2a: Corviknight|99/100|[from] item: Leftovers\n|upkeep\n|turn|15\n|\n|t:|1789684388\n|switch|p1a: Corviknight|Corviknight, tera:Fighting|55/100\n|move|p2a: Corviknight|U-turn|p1a: Corviknight\n|-resisted|p1a: Corviknight\n|-damage|p1a: Corviknight|51/100\n|-damage|p2a: Corviknight|83/100|[from] item: Rocky Helmet|[of] p1a: Corviknight\n|\n|t:|1789684392\n|switch|p2a: Glaceon|Glaceon, tera:Ice|28/100|[from] U-turn\n|-weather|Snowscape|[from] ability: Diamond Dust|[of] p2a: Glaceon\n|\n|-weather|Snowscape|[upkeep]\n|upkeep\n|turn|16\n|\n|t:|1789684393\n|move|p2a: Glaceon|Blizzard|p1a: Corviknight\n|-damage|p1a: Corviknight|0 fnt\n|faint|p1a: Corviknight\n|\n|-weather|Snowscape|[upkeep]\n|upkeep\n|\n|t:|1789684393\n|switch|p1a: Spiritomb|Spiritomb|100/100\n|turn|17\n|\n|t:|1789684395\n|move|p2a: Glaceon|Blizzard|p1a: Spiritomb\n|-damage|p1a: Spiritomb|33/100\n|move|p1a: Spiritomb|Soul Toll|p2a: Glaceon\n|-damage|p2a: Glaceon|0 fnt\n|faint|p2a: Glaceon\n|\n|-weather|Snowscape|[upkeep]\n|-heal|p1a: Spiritomb|39/100|[from] item: Leftovers\n|upkeep\n|\n|t:|1789684400\n|switch|p2a: Pawmot|Pawmot|45/100\n|turn|18\n|\n|t:|1789684402\n|switch|p1a: Sinistcha|Sinistcha-Masterpiece|78/100\n|move|p2a: Pawmot|Revival Blessing|p2a: Pawmot\n|\n|t:|1789684406\n|-heal|p2: Haxorus|50/100|[from] move: Revival Blessing\n|\n|-weather|Snowscape|[upkeep]\n|upkeep\n|turn|19\n|\n|t:|1789684411\n|-activate|p2a: Pawmot|move: Struggle\n|move|p2a: Pawmot|Struggle|p1a: Sinistcha\n|-damage|p1a: Sinistcha|60/100\n|-damage|p2a: Pawmot|20/100|[from] recoil\n|move|p1a: Sinistcha|Matcha Gotcha|p2a: Pawmot\n|-damage|p2a: Pawmot|0 fnt\n|-heal|p1a: Sinistcha|68/100|[from] drain|[of] p2a: Pawmot\n|faint|p2a: Pawmot\n|\n|-weather|none\n|upkeep\n|\n|t:|1789684414\n|switch|p2a: Kingambit|Kingambit|54/100\n|-activate|p2a: Kingambit|ability: Supreme Overlord\n|-start|p2a: Kingambit|fallen3|[silent]\n|turn|20\n|\n|t:|1789684416\n|move|p1a: Sinistcha|Matcha Gotcha|p2a: Kingambit\n|-resisted|p2a: Kingambit\n|-damage|p2a: Kingambit|38/100\n|-heal|p1a: Sinistcha|77/100|[from] drain|[of] p2a: Kingambit\n|move|p2a: Kingambit|Knock Off|p1a: Sinistcha\n|-supereffective|p1a: Sinistcha\n|-damage|p1a: Sinistcha|0 fnt\n|-enditem|p1a: Sinistcha|Heavy-Duty Boots|[from] move: Knock Off|[of] p2a: Kingambit\n|faint|p1a: Sinistcha\n|\n|upkeep\n|\n|t:|1789684416\n|switch|p1a: Spiritomb|Spiritomb|39/100\n|turn|21\n|\n|t:|1789684423\n|move|p2a: Kingambit|Knock Off|p1a: Spiritomb\n|-ability|p1a: Spiritomb|Keystone Legion\n|-message|The spirits of the keystone shield Spiritomb!\n|-start|p2a: Kingambit|Curse|[of] p1a: Spiritomb\n|-damage|p1a: Spiritomb|1/100\n|-enditem|p1a: Spiritomb|Leftovers|[from] move: Knock Off|[of] p2a: Kingambit\n|move|p1a: Spiritomb|Soul Toll|p2a: Kingambit\n|-resisted|p2a: Kingambit\n|-damage|p2a: Kingambit|9/100\n|-heal|p1a: Spiritomb|16/100|[from] drain|[of] p2a: Kingambit\n|\n|-damage|p2a: Kingambit|0 fnt|[from] Curse\n|faint|p2a: Kingambit\n|-message|A soul joins the legion. Spiritomb's keystone mends!\n|-end|p2a: Kingambit|fallen3|[silent]\n|upkeep\n|\n|t:|1789684426\n|switch|p2a: Haxorus|Haxorus|50/100\n|-ability|p2a: Haxorus|Mold Breaker\n|turn|22\n|\n|t:|1789684427\n|move|p2a: Haxorus|Iron Head|p1a: Spiritomb\n|-damage|p1a: Spiritomb|0 fnt\n|faint|p1a: Spiritomb\n|\n|win|TheRealWhimsicott\n",
	"inputlog": ">start {\"formatid\":\"gen9rpou\",\"seed\":\"sodium,edf120e406d1845391a8a768d31a515d\",\"rated\":\"Rated battle\"}\n>player p1 {\"name\":\"Bunny Champion\",\"avatar\":\"bunny.png\",\"team\":\"Ninetales|NinetalesAlola|LightClay|SnowWarning|AuroraVeil,Encore,FreezeDry,Moonblast|Timid|252,,4,,,252|N||||,,,,,Water]Corviknight||RockyHelmet|MirrorArmor|BodyPress,IronDefense,Uturn,Roost|Impish|248,,252,,8,|N||||,,,G,,Fighting]Spiritomb||Leftovers|KeystoneLegion|SoulToll,StrengthSap,WillOWisp,PartingShot|Calm|252,,4,,252,|N||||,,,,,Fairy]Clefable||Leftovers|MagicGuard|CalmMind,Moonblast,Moonlight,KnockOff|Bold|252,,252,,4,|N|,0,,,,|||,,,,,Water]Sinistcha|SinistchaMasterpiece|HeavyDutyBoots|Heatproof|CalmMind,MatchaGotcha,ShadowBall,StrengthSap|Bold|252,,252,,4,|N||||,,,,,Poison]Slowking|SlowkingGalar|AssaultVest|Regenerator|SludgeBomb,Psyshock,Flamethrower,PsychicNoise|Modest|252,,252,,4,|N||||,,,,,Fairy\",\"rating\":1336}\n>player p2 {\"name\":\"TheRealWhimsicott\",\"avatar\":\"1\",\"team\":\"Kingambit||BlackGlasses|SupremeOverlord|KnockOff,LowKick,SuckerPunch,SwordsDance|Adamant|252,252,,,4,|N||||,,,,,Dark]Haxorus||LoadedDice|MoldBreaker|HoneClaws,ScaleShot,Earthquake,IronHead|Jolly|4,252,,,,252|N||||,,,,,Steel]Pawmot||ChoiceBand|IronFist|RevivalBlessing,SparkScamper,CloseCombat,DoubleShock|Jolly|4,252,,,,252|N||||,,,,,Electric]Glaceon||ChoiceSpecs|DiamondDust|EarthPower,FreezeDry,FocusBlast,Blizzard|Modest|,,,252,4,252|N|,0,,,,|||,,,,,Ice]Tapu Koko||TerrainExtender|ElectricSurge|Uturn,Roost,Thunderbolt,DazzlingGleam|Timid|4,,,252,,252|N||||,,,,,Electric]Corviknight||Leftovers|Pressure|Roost,Uturn,Protect,Defog|Impish|252,,252,,4,|N||||,,,,,Flying\",\"rating\":1304}\n>chat ☆Bunny Champion|Good luck! Playing on **champion**.\n>p1 team 6, 1, 5, 2, 4, 3\n>p2 team 2, 1, 3, 4, 5, 6\n>p1 switch 5\n>p2 move honeclaws\n>p1 move moonblast dynamax\n>p2 move ironhead dynamax\n>p1 move moonblast dynamax\n>p2 move ironhead dynamax\n>p1 switch 2\n>p1 move moonblast\n>p2 move ironhead dynamax\n>p2 switch 5\n>p1 move moonblast\n>p2 move uturn\n>p2 switch 4\n>p1 move moonblast\n>p2 move blizzard\n>p1 move moonblast\n>p2 move blizzard terastallize\n>p1 switch 5\n>p1 move flamethrower\n>p2 switch 2\n>p1 move flamethrower\n>p2 move knockoff\n>p1 switch 4\n>p1 move bodypress terastallize\n>p2 switch 4\n>p1 move irondefense\n>p2 move thunderbolt\n>p1 switch 3\n>p2 move dazzlinggleam\n>p1 move matchagotcha\n>p2 move uturn\n>p2 switch 3\n>p1 move matchagotcha\n>p2 switch 6\n>p1 switch 3\n>p2 move uturn\n>p2 switch 2\n>p1 move bodypress\n>p2 move blizzard\n>p1 switch 6\n>p1 move soultoll\n>p2 move blizzard\n>p2 switch 6\n>p1 switch 3\n>p2 move revivalblessing\n>p2 switch 5\n>p1 move matchagotcha\n>p2 move struggle\n>p2 switch 4\n>p1 move matchagotcha\n>p2 move knockoff\n>p1 switch 3\n>p1 move soultoll\n>p2 move knockoff\n>p2 switch 5\n>p1 move soultoll\n>p2 move ironhead",
	"uploadtime": 1789684427
}