{
	"id": "gen9rpou-2-tlhcku",
	"format": "[Gen 9] RP OU",
	"players": [
		"Bunny Stockfish",
		"SlimeQueenSamantha"
	],
	"rating": null,
	"log": "|j|☆Bunny Stockfish\n|j|☆SlimeQueenSamantha\n|t:|1789600560\n|gametype|singles\n|player|p1|Bunny Stockfish|bunny.png|1332\n|player|p2|SlimeQueenSamantha|queen.png|1214\n|gen|9\n|tier|[Gen 9] RP OU\n|rated|\n|rule|HP Percentage Mod: HP is shown in percentages\n|rule|Endless Battle Clause: Forcing endless battles is banned\n|rule|Species Clause: Limit one of each Pokémon\n|rule|OHKO Clause: OHKO moves are banned\n|rule|Evasion Clause: Evasion abilities, items, and moves are banned\n|rule|Evasion Abilities Clause: Evasion abilities are banned\n|rule|Evasion Items Clause: Evasion items are banned\n|rule|Evasion Moves Clause: Evasion moves are banned\n|rule|Sleep Clause Mod: Limit one foe put to sleep\n|clearpoke\n|poke|p1|Slowking-Galar|\n|poke|p1|Meowscarada|\n|poke|p1|Kingambit|\n|poke|p1|Hatterene|\n|poke|p1|Iron Valiant|\n|poke|p1|Ursaluna|\n|poke|p2|Leafeon|\n|poke|p2|Simisear|\n|poke|p2|Simisage|\n|poke|p2|Landorus-Therian|\n|poke|p2|Simipour|\n|poke|p2|Vaporeon|\n|teampreview\n|c|☆Bunny Stockfish|Good luck! Playing on **stockfish**.\n|\n|t:|1789600614\n|teamsize|p1|6\n|teamsize|p2|6\n|start\n|switch|p1a: Meowscarada|Meowscarada|100/100\n|switch|p2a: Simipour|Simipour|100/100\n|-weather|RainDance|[from] ability: Tidal Surge|[of] p2a: Simipour\n|turn|1\n|\n|t:|1789600620\n|-terastallize|p1a: Meowscarada|Grass\n|move|p2a: Simipour|Close Combat|p1a: Meowscarada\n|-damage|p1a: Meowscarada|36/100\n|-unboost|p2a: Simipour|def|1\n|-unboost|p2a: Simipour|spd|1\n|move|p1a: Meowscarada|Flower Trick|p2a: Simipour\n|-supereffective|p2a: Simipour\n|-crit|p2a: Simipour\n|-damage|p2a: Simipour|0 fnt\n|faint|p2a: Simipour\n|\n|-weather|RainDance|[upkeep]\n|upkeep\n|\n|t:|1789600627\n|switch|p2a: Leafeon|Leafeon|100/100\n|-weather|SunnyDay|[from] ability: Solstice|[of] p2a: Leafeon\n|turn|2\n|\n|t:|1789600664\n|switch|p1a: Kingambit|Kingambit|100/100\n|move|p2a: Leafeon|Swords Dance|p2a: Leafeon\n|-boost|p2a: Leafeon|atk|2\n|\n|-weather|SunnyDay|[upkeep]\n|upkeep\n|turn|3\n|\n|t:|1789600668\n|-start|p1a: Kingambit|Dynamax|\n|-heal|p1a: Kingambit|100/100|[silent]\n|move|p1a: Kingambit|Max Guard|p1a: Kingambit\n|-singleturn|p1a: Kingambit|Max Guard\n|move|p2a: Leafeon|Earthquake|p1a: Kingambit\n|-activate|p1a: Kingambit|move: Max Guard\n|\n|-weather|SunnyDay|[upkeep]\n|upkeep\n|turn|4\n|\n|t:|1789600673\n|-start|p2a: Leafeon|Dynamax|\n|-heal|p2a: Leafeon|100/100|[silent]\n|move|p1a: Kingambit|Max Guard||[still]\n|-fail|p1a: Kingambit\n|move|p2a: Leafeon|Max Quake|p1a: Kingambit\n|-supereffective|p1a: Kingambit\n|-damage|p1a: Kingambit|30/100\n|-boost|p2a: Leafeon|spd|1\n|-damage|p2a: Leafeon|96/100|[from] item: Life Orb\n|\n|-weather|SunnyDay|[upkeep]\n|upkeep\n|turn|5\n|\n|t:|1789600681\n|move|p2a: Leafeon|Max Quake|p1a: Kingambit\n|-supereffective|p1a: Kingambit\n|-damage|p1a: Kingambit|0 fnt\n|-boost|p2a: Leafeon|spd|1\n|faint|p1a: Kingambit\n|-end|p1a: Kingambit|fallenundefined|[silent]\n|-damage|p2a: Leafeon|91/100|[from] item: Life Orb\n|\n|-weather|SunnyDay|[upkeep]\n|upkeep\n|\n|t:|1789600681\n|switch|p1a: Ursaluna|Ursaluna|100/100\n|-ability|p1a: Ursaluna|Unnerve\n|turn|6\n|\n|t:|1789600685\n|move|p2a: Leafeon|Max Overgrowth|p1a: Ursaluna\n|-supereffective|p1a: Ursaluna\n|-damage|p1a: Ursaluna|0 fnt\n|-fieldstart|move: Grassy Terrain\n|faint|p1a: Ursaluna\n|-damage|p2a: Leafeon|86/100|[from] item: Life Orb\n|\n|-weather|none\n|-heal|p2a: Leafeon|89/100|[from] Grassy Terrain\n|upkeep\n|\n|t:|1789600685\n|switch|p1a: Iron Valiant|Iron Valiant|100/100\n|-enditem|p1a: Iron Valiant|Booster Energy\n|-activate|p1a: Iron Valiant|ability: Quark Drive|[fromitem]\n|-start|p1a: Iron Valiant|quarkdrivespe\n|-end|p2a: Leafeon|Dynamax\n|-heal|p2a: Leafeon|89/100|[silent]\n|turn|7\n|\n|t:|1789600693\n|move|p1a: Iron Valiant|Close Combat|p2a: Leafeon\n|-damage|p2a: Leafeon|36/100\n|-unboost|p1a: Iron Valiant|def|1\n|-unboost|p1a: Iron Valiant|spd|1\n|move|p2a: Leafeon|Leaf Blade|p1a: Iron Valiant\n|-crit|p1a: Iron Valiant\n|-damage|p1a: Iron Valiant|0 fnt\n|faint|p1a: Iron Valiant\n|-end|p1a: Iron Valiant|Quark Drive|[silent]\n|-damage|p2a: Leafeon|26/100|[from] item: Life Orb\n|\n|-heal|p2a: Leafeon|32/100|[from] Grassy Terrain\n|upkeep\n|\n|t:|1789600693\n|switch|p1a: Meowscarada|Meowscarada, tera:Grass|36/100\n|turn|8\n|\n|t:|1789600700\n|move|p1a: Meowscarada|U-turn|p2a: Leafeon\n|-supereffective|p2a: Leafeon\n|-damage|p2a: Leafeon|0 fnt\n|faint|p2a: Leafeon\n|\n|t:|1789600700\n|switch|p1a: Slowking|Slowking-Galar|100/100|[from] U-turn\n|\n|upkeep\n|\n|t:|1789600703\n|switch|p2a: Simisear|Simisear|100/100\n|turn|9\n|\n|t:|1789600708\n|move|p2a: Simisear|Cinder Rush|p1a: Slowking\n|-damage|p1a: Slowking|67/100\n|move|p1a: Slowking|Future Sight|p2a: Simisear\n|-start|p1a: Slowking|move: Future Sight\n|\n|-heal|p1a: Slowking|73/100|[from] Grassy Terrain\n|upkeep\n|turn|10\n|\n|t:|1789600713\n|move|p2a: Simisear|Cinder Rush|p1a: Slowking\n|-damage|p1a: Slowking|39/100\n|move|p1a: Slowking|Future Sight||[still]\n|-fail|p1a: Slowking\n|\n|-heal|p1a: Slowking|45/100|[from] Grassy Terrain\n|-fieldend|move: Grassy Terrain\n|upkeep\n|turn|11\n|\n|t:|1789600724\n|move|p2a: Simisear|U-turn|p1a: Slowking\n|-damage|p1a: Slowking|27/100\n|\n|t:|1789600727\n|switch|p2a: Simisage|Simisage|100/100|[from] U-turn\n|-fieldstart|move: Grassy Terrain|[from] ability: Verdant Surge|[of] p2a: Simisage\n|move|p1a: Slowking|Future Sight||[still]\n|-fail|p1a: Slowking\n|\n|-end|p2a: Simisage|move: Future Sight\n|-damage|p2a: Simisage|24/100\n|-heal|p2a: Simisage|30/100|[from] Grassy Terrain\n|-heal|p1a: Slowking|33/100|[from] Grassy Terrain\n|upkeep\n|turn|12\n|\n|t:|1789600798\n|move|p2a: Simisage|Encore|p1a: Slowking\n|-start|p1a: Slowking|Encore\n|move|p1a: Slowking|Future Sight|p2a: Simisage\n|-start|p1a: Slowking|move: Future Sight\n|\n|-heal|p2a: Simisage|36/100|[from] Grassy Terrain\n|-heal|p1a: Slowking|39/100|[from] Grassy Terrain\n|upkeep\n|turn|13\n|\n|t:|1789600801\n|move|p2a: Simisage|Jungle Rush|p1a: Slowking\n|-resisted|p1a: Slowking\n|-damage|p1a: Slowking|17/100\n|move|p1a: Slowking|Future Sight||[still]\n|-fail|p1a: Slowking\n|\n|-heal|p2a: Simisage|43/100|[from] Grassy Terrain\n|-heal|p1a: Slowking|23/100|[from] Grassy Terrain\n|upkeep\n|turn|14\n|\n|t:|1789600804\n|move|p2a: Simisage|U-turn|p1a: Slowking\n|-damage|p1a: Slowking|3/100\n|\n|t:|1789600808\n|switch|p2a: Vaporeon|Vaporeon|100/100|[from] U-turn\n|move|p1a: Slowking|Future Sight||[still]\n|-fail|p1a: Slowking\n|\n|-end|p2a: Vaporeon|move: Future Sight\n|-damage|p2a: Vaporeon|68/100\n|-heal|p2a: Vaporeon|74/100|[from] Grassy Terrain\n|-heal|p1a: Slowking|9/100|[from] Grassy Terrain\n|-end|p1a: Slowking|Encore\n|upkeep\n|turn|15\n|\n|t:|1789600809\n|switch|p1a: Meowscarada|Meowscarada, tera:Grass|36/100\n|move|p2a: Vaporeon|Wish|p2a: Vaporeon\n|\n|-heal|p1a: Meowscarada|42/100|[from] Grassy Terrain\n|-heal|p2a: Vaporeon|81/100|[from] Grassy Terrain\n|-fieldend|move: Grassy Terrain\n|upkeep\n|turn|16\n|\n|t:|1789600812\n|switch|p2a: Simisage|Simisage|43/100\n|-fieldstart|move: Grassy Terrain|[from] ability: Verdant Surge|[of] p2a: Simisage\n|move|p1a: Meowscarada|Flower Trick|p2a: Simisage\n|-resisted|p2a: Simisage\n|-crit|p2a: Simisage\n|-damage|p2a: Simisage|0 fnt\n|faint|p2a: Simisage\n|\n|-heal|p1a: Meowscarada|48/100|[from] Grassy Terrain\n|upkeep\n|\n|t:|1789600820\n|switch|p2a: Simisear|Simisear|100/100\n|turn|17\n|\n|t:|1789600822\n|move|p2a: Simisear|U-turn|p1a: Meowscarada\n|-supereffective|p1a: Meowscarada\n|-damage|p1a: Meowscarada|0 fnt\n|faint|p1a: Meowscarada\n|\n|t:|1789600869\n|switch|p2a: Landorus|Landorus-Therian|100/100|[from] U-turn\n|\n|upkeep\n|\n|t:|1789600869\n|switch|p1a: Hatterene|Hatterene|100/100\n|turn|18\n|\n|t:|1789600871\n|move|p2a: Landorus|Earthquake|p1a: Hatterene\n|-damage|p1a: Hatterene|71/100\n|move|p1a: Hatterene|Dazzling Gleam|p2a: Landorus\n|-damage|p2a: Landorus|63/100\n|\n|-heal|p2a: Landorus|70/100|[from] item: Leftovers\n|-heal|p1a: Hatterene|77/100|[from] Grassy Terrain\n|upkeep\n|turn|19\n|\n|t:|1789600874\n|move|p2a: Landorus|Earthquake|p1a: Hatterene\n|-damage|p1a: Hatterene|48/100\n|move|p1a: Hatterene|Dazzling Gleam|p2a: Landorus\n|-crit|p2a: Landorus\n|-damage|p2a: Landorus|13/100\n|\n|-heal|p2a: Landorus|19/100|[from] item: Leftovers\n|-heal|p1a: Hatterene|54/100|[from] Grassy Terrain\n|upkeep\n|turn|20\n|\n|t:|1789600878\n|move|p2a: Landorus|U-turn|p1a: Hatterene\n|-damage|p1a: Hatterene|30/100\n|\n|t:|1789600881\n|switch|p2a: Simisear|Simisear|100/100|[from] U-turn\n|move|p1a: Hatterene|Dazzling Gleam|p2a: Simisear\n|-resisted|p2a: Simisear\n|-damage|p2a: Simisear|61/100\n|\n|-heal|p2a: Simisear|67/100|[from] Grassy Terrain\n|-heal|p1a: Hatterene|36/100|[from] Grassy Terrain\n|-fieldend|move: Grassy Terrain\n|upkeep\n|turn|21\n|\n|t:|1789600883\n|move|p2a: Simisear|U-turn|p1a: Hatterene\n|-damage|p1a: Hatterene|9/100\n|\n|t:|1789600885\n|switch|p2a: Vaporeon|Vaporeon|100/100|[from] U-turn\n|move|p1a: Hatterene|Psychic Noise|p2a: Vaporeon\n|-damage|p2a: Vaporeon|65/100\n|-start|p2a: Vaporeon|move: Heal Block\n|\n|upkeep\n|turn|22\n|\n|t:|1789600888\n|move|p2a: Vaporeon|Protect|p2a: Vaporeon\n|-singleturn|p2a: Vaporeon|Protect\n|move|p1a: Hatterene|Dazzling Gleam|p2a: Vaporeon\n|-activate|p2a: Vaporeon|move: Protect\n|\n|-end|p2a: Vaporeon|move: Heal Block\n|upkeep\n|turn|23\n|\n|t:|1789600889\n|move|p2a: Vaporeon|Wish|p2a: Vaporeon\n|move|p1a: Hatterene|Dazzling Gleam|p2a: Vaporeon\n|-damage|p2a: Vaporeon|28/100\n|\n|upkeep\n|turn|24\n|\n|t:|1789600891\n|move|p2a: Vaporeon|Scald|p1a: Hatterene\n|-damage|p1a: Hatterene|0 fnt\n|faint|p1a: Hatterene\n|\n|-heal|p2a: Vaporeon|78/100|[from] move: Wish|[wisher] Vaporeon\n|upkeep\n|\n|t:|1789600891\n|switch|p1a: Slowking|Slowking-Galar|43/100\n|turn|25\n|\n|t:|1789600893\n|move|p2a: Vaporeon|Wish|p2a: Vaporeon\n|move|p1a: Slowking|Future Sight|p2a: Vaporeon\n|-start|p1a: Slowking|move: Future Sight\n|\n|upkeep\n|turn|26\n|\n|t:|1789600895\n|move|p2a: Vaporeon|Flip Turn|p1a: Slowking\n|-damage|p1a: Slowking|34/100\n|\n|t:|1789600898\n|switch|p2a: Landorus|Landorus-Therian|19/100|[from] Flip Turn\n|-ability|p2a: Landorus|Intimidate|boost\n|-unboost|p1a: Slowking|atk|1\n|move|p1a: Slowking|Future Sight||[still]\n|-fail|p1a: Slowking\n|\n|-heal|p2a: Landorus|80/100|[from] move: Wish|[wisher] Vaporeon\n|-heal|p2a: Landorus|86/100|[from] item: Leftovers\n|upkeep\n|turn|27\n|\n|t:|1789600904\n|move|p2a: Landorus|U-turn|p1a: Slowking\n|-crit|p1a: Slowking\n|-damage|p1a: Slowking|11/100\n|\n|t:|1789600907\n|switch|p2a: Vaporeon|Vaporeon|100/100|[from] U-turn\n|move|p1a: Slowking|Ice Beam|p2a: Vaporeon\n|-resisted|p2a: Vaporeon\n|-damage|p2a: Vaporeon|92/100\n|\n|-end|p2a: Vaporeon|move: Future Sight\n|-damage|p2a: Vaporeon|59/100\n|upkeep\n|turn|28\n|\n|t:|1789600909\n|move|p2a: Vaporeon|Wish|p2a: Vaporeon\n|move|p1a: Slowking|Future Sight|p2a: Vaporeon\n|-start|p1a: Slowking|move: Future Sight\n|\n|upkeep\n|turn|29\n|\n|t:|1789600911\n|move|p2a: Vaporeon|Scald|p1a: Slowking\n|-damage|p1a: Slowking|0 fnt\n|faint|p1a: Slowking\n|\n|win|SlimeQueenSamantha\n",
	"inputlog": ">start {\"formatid\":\"gen9rpou\",\"seed\":\"sodium,b2e946942605b54b27a8a4bedf4c8a74\",\"rated\":\"Rated battle\"}\n>player p1 {\"name\":\"Bunny Stockfish\",\"avatar\":\"bunny.png\",\"team\":\"Slowking|SlowkingGalar|AssaultVest|Regenerator|SludgeBomb,FutureSight,Flamethrower,IceBeam|Bold|252,,252,,4,|N||||,,,,,Water]Meowscarada||HeavyDutyBoots|Protean|KnockOff,FlowerTrick,TripleAxel,Uturn|Jolly|,252,,,4,252|N||||,,,,,Grass]Kingambit||LumBerry|SupremeOverlord|SwordsDance,SuckerPunch,LowKick,IronHead|Adamant|252,252,,,4,|N||||,,,,,Ghost]Hatterene||FocusSash|MagicBounce|TrickRoom,PsychicNoise,DazzlingGleam,HealingWish|Quiet|252,,4,252,,|N|,0,,,,0|||,,,G,,Water]Iron Valiant||BoosterEnergy|QuarkDrive|Moonblast,CloseCombat,KnockOff,DestinyBond|Naive|,4,,252,,252|N||||,,,,,Fairy]Ursaluna||FlameOrb|Unnerve|Facade,HeadlongRush,FirePunch,HustleUp|Adamant|,252,4,,,252|N||||,,,,,Ghost\",\"rating\":1332}\n>player p2 {\"name\":\"SlimeQueenSamantha\",\"avatar\":\"queen.png\",\"team\":\"Leafeon||LifeOrb|Solstice|SwordsDance,LeafBlade,Earthquake,StoneEdge|Jolly|,252,,,4,252|N||||,,,,,Grass]Simisear||ElementalBanana|Gluttony|CinderRush,CloseCombat,Uturn,WillOWisp|Jolly|,252,,,4,252|N||||,,,,,Fire]Simisage||ElementalBanana|VerdantSurge|JungleRush,CloseCombat,Uturn,Encore|Jolly|4,252,,,,252|N||||,,,,,Grass]Landorus|LandorusTherian|Leftovers|Intimidate|Earthquake,Uturn,StealthRock,KnockOff|Impish|248,8,,,252,|N||||,,,,,Steel]Simipour||ElementalBanana|TidalSurge|TorrentRush,CloseCombat,ThunderPunch,FlipTurn|Jolly|4,252,,,,252|N||||,,,,,Water]Vaporeon||HeavyDutyBoots|LiquidBody|Wish,Protect,FlipTurn,Scald|Bold|252,,252,,4,|N||||,,,,,Water\",\"rating\":1214}\n>chat ☆Bunny Stockfish|Good luck! Playing on **stockfish**.\n>p1 team 2, 5, 6, 3, 1, 4\n>p2 team 5, 2, 3, 4, 1, 6\n>p1 move flowertrick terastallize\n>p2 move closecombat\n>p2 switch 5\n>p1 switch 4\n>p2 move swordsdance\n>p1 move swordsdance dynamax\n>p2 move earthquake\n>p1 move swordsdance dynamax\n>p2 move earthquake dynamax\n>p1 move suckerpunch dynamax\n>p2 move earthquake dynamax\n>p1 switch 3\n>p1 move firepunch\n>p2 move leafblade dynamax\n>p1 switch 2\n>p1 move closecombat\n>p2 move leafblade\n>p1 switch 4\n>p1 move uturn\n>p2 move leafblade\n>p1 switch 5\n>p2 switch 2\n>p1 move futuresight\n>p2 move cinderrush\n>p1 move futuresight\n>p2 move cinderrush\n>p1 move futuresight\n>p2 move uturn\n>p2 switch 3\n>p1 move sludgebomb\n>p2 move encore\n>p1 move futuresight\n>p2 move junglerush\n>p1 move futuresight\n>p2 move uturn\n>p2 switch 6\n>p1 switch 5\n>p2 move wish\n>p1 move flowertrick\n>p2 switch 6\n>p2 switch 3\n>p1 move knockoff\n>p2 move uturn\n>p2 switch 4\n>p1 switch 6\n>p1 move dazzlinggleam\n>p2 move earthquake\n>p1 move dazzlinggleam\n>p2 move earthquake\n>p1 move dazzlinggleam\n>p2 move uturn\n>p2 switch 4\n>p1 move psychicnoise\n>p2 move uturn\n>p2 switch 6\n>p1 move dazzlinggleam\n>p2 move protect\n>p1 move dazzlinggleam\n>p2 move wish\n>p1 move dazzlinggleam\n>p2 move scald\n>p1 switch 5\n>p1 move futuresight\n>p2 move wish\n>p1 move futuresight\n>p2 move flipturn\n>p2 switch 4\n>p1 move icebeam\n>p2 move uturn\n>p2 switch 4\n>p1 move futuresight\n>p2 move wish\n>p1 move futuresight\n>p2 move scald",
	"uploadtime": 1789600911
}