{
	"id": "gen9rpbattle-5-tli02v",
	"format": "[Gen 9] RP Battle",
	"players": [
		"SlimeQueenSamantha",
		"Keiko_Sama"
	],
	"rating": null,
	"log": "|j|☆SlimeQueenSamantha\n|j|☆Keiko_Sama\n|t:|1789652668\n|gametype|singles\n|player|p1|SlimeQueenSamantha|queen.png|\n|player|p2|Keiko_Sama|keiko-coral-disguise.png|\n|gen|9\n|tier|[Gen 9] RP Battle\n|clearpoke\n|poke|p1|Stufful, L13|\n|poke|p1|Dwebble, L13|\n|poke|p1|Chikorita, L13|\n|poke|p1|Wingull, L9|\n|poke|p2|Scream Tail, L13|\n|poke|p2|Glalie, L13|\n|poke|p2|Lokix, L13, M|\n|poke|p2|Krokorok, L13|\n|teampreview\n|c|☆SlimeQueenSamantha|*deadpan* oki\n|\n|t:|1789652689\n|teamsize|p1|4\n|teamsize|p2|4\n|start\n|switch|p1a: Stufful|Stufful, L13|100/100\n|switch|p2a: Lokix|Lokix, L13, M|100/100\n|-item|p2a: Lokix|Air Balloon\n|turn|1\n|\n|t:|1789652706\n|move|p2a: Lokix|Dark Pulse|p1a: Stufful\n|-resisted|p1a: Stufful\n|-damage|p1a: Stufful|78/100\n|move|p1a: Stufful|Swords Dance|p1a: Stufful\n|-boost|p1a: Stufful|atk|2\n|\n|upkeep\n|turn|2\n|\n|t:|1789652717\n|move|p2a: Lokix|Bug Buzz|p1a: Stufful\n|-resisted|p1a: Stufful\n|-damage|p1a: Stufful|54/100\n|move|p1a: Stufful|Double-Edge|p2a: Lokix\n|-damage|p2a: Lokix|0 fnt\n|-enditem|p2a: Lokix|Air Balloon\n|faint|p2a: Lokix\n|-damage|p1a: Stufful|18/100|[from] Recoil\n|\n|upkeep\n|\n|t:|1789652733\n|switch|p2a: Krokorok|Krokorok, L13|100/100\n|-ability|p2a: Krokorok|Intimidate|boost\n|-unboost|p1a: Stufful|atk|1\n|-item|p2a: Krokorok|Air Balloon\n|turn|3\n|\n|t:|1789652739\n|move|p2a: Krokorok|Carrion Feast|p1a: Stufful\n|-resisted|p1a: Stufful\n|-damage|p1a: Stufful|9/100\n|move|p1a: Stufful|Superpower|p2a: Krokorok\n|-supereffective|p2a: Krokorok\n|-damage|p2a: Krokorok|0 fnt\n|-unboost|p1a: Stufful|atk|1\n|-unboost|p1a: Stufful|def|1\n|-enditem|p2a: Krokorok|Air Balloon\n|faint|p2a: Krokorok\n|\n|upkeep\n|\n|t:|1789652745\n|switch|p2a: Glalie|Glalie, L13|100/100\n|turn|4\n|\n|t:|1789652749\n|move|p1a: Stufful|Hammer Arm|p2a: Glalie\n|-supereffective|p2a: Glalie\n|-damage|p2a: Glalie|4/100\n|-unboost|p1a: Stufful|spe|1\n|move|p2a: Glalie|Avalanche|p1a: Stufful\n|-crit|p1a: Stufful\n|-damage|p1a: Stufful|0 fnt\n|faint|p1a: Stufful\n|\n|upkeep\n|\n|t:|1789652756\n|switch|p1a: Wingull|Wingull, L9|100/100\n|turn|5\n|\n|t:|1789652764\n|switch|p2a: Scream Tail|Scream Tail, L13|100/100\n|-enditem|p2a: Scream Tail|Booster Energy\n|-activate|p2a: Scream Tail|ability: Protosynthesis|[fromitem]\n|-start|p2a: Scream Tail|protosynthesisspd\n|move|p1a: Wingull|Hydro Pump|p2a: Scream Tail\n|-damage|p2a: Scream Tail|86/100\n|\n|upkeep\n|turn|6\n|\n|t:|1789652775\n|move|p2a: Scream Tail|Calm Mind|p2a: Scream Tail\n|-boost|p2a: Scream Tail|spa|1\n|-boost|p2a: Scream Tail|spd|1\n|move|p1a: Wingull|Hurricane|p2a: Scream Tail|[miss]\n|-miss|p1a: Wingull|p2a: Scream Tail\n|\n|upkeep\n|turn|7\n|\n|t:|1789652782\n|move|p2a: Scream Tail|Calm Mind|p2a: Scream Tail\n|-boost|p2a: Scream Tail|spa|1\n|-boost|p2a: Scream Tail|spd|1\n|move|p1a: Wingull|Hurricane|p2a: Scream Tail|[miss]\n|-miss|p1a: Wingull|p2a: Scream Tail\n|\n|upkeep\n|turn|8\n|\n|t:|1789652789\n|move|p2a: Scream Tail|Calm Mind|p2a: Scream Tail\n|-boost|p2a: Scream Tail|spa|1\n|-boost|p2a: Scream Tail|spd|1\n|move|p1a: Wingull|Hurricane|p2a: Scream Tail\n|-damage|p2a: Scream Tail|81/100\n|\n|upkeep\n|turn|9\n|c|☆SlimeQueenSamantha|*cooked*\n|\n|t:|1789652799\n|move|p2a: Scream Tail|Boomburst|p1a: Wingull\n|-damage|p1a: Wingull|0 fnt\n|faint|p1a: Wingull\n|\n|upkeep\n|\n|t:|1789652802\n|switch|p1a: Dwebble|Dwebble, L13|100/100\n|turn|10\n|\n|t:|1789652806\n|move|p2a: Scream Tail|Boomburst|p1a: Dwebble\n|-resisted|p1a: Dwebble\n|-damage|p1a: Dwebble|17/100\n|move|p1a: Dwebble|Earthquake|p2a: Scream Tail\n|-damage|p2a: Scream Tail|53/100\n|\n|upkeep\n|turn|11\n|\n|t:|1789652814\n|move|p2a: Scream Tail|Boomburst|p1a: Dwebble\n|-resisted|p1a: Dwebble\n|-damage|p1a: Dwebble|0 fnt\n|faint|p1a: Dwebble\n|\n|upkeep\n|\n|t:|1789652816\n|switch|p1a: Chikorita|Chikorita, L13|100/100\n|turn|12\n|\n|t:|1789652819\n|move|p2a: Scream Tail|Dazzling Gleam|p1a: Chikorita\n|-damage|p1a: Chikorita|7/100\n|move|p1a: Chikorita|Seed Bomb|p2a: Scream Tail\n|-damage|p2a: Scream Tail|14/100\n|\n|upkeep\n|turn|13\n|\n|t:|1789652827\n|move|p2a: Scream Tail|Boomburst|p1a: Chikorita\n|-damage|p1a: Chikorita|0 fnt\n|faint|p1a: Chikorita\n|\n|win|Keiko_Sama\n",
	"inputlog": ">start {\"formatid\":\"gen9rpbattle\",\"seed\":\"sodium,551b23caef9d62ca7be74ef1bab5e87c\"}\n>player p1 {\"name\":\"SlimeQueenSamantha\",\"avatar\":\"queen.png\",\"team\":\"Stufful|||Fluffy|DoubleEdge,Superpower,SwordsDance,HammerArm|Adamant|,252,,,4,252|N|||13|,,,,,Normal]Dwebble|||Sturdy|CragHammer,Rest,StealthRock,Earthquake|Adamant|252,252,,,4,|N|||13|,,,,,Bug]Chikorita|||Overgrow|SeedBomb,Synthesis,DoubleEdge,IronTail|Adamant|252,252,,,4,|N|||13|,,,,,Grass]Wingull|||Hydration|Hurricane,Defog,HydroPump,Blizzard|Timid|,,,252,4,252|N|||9|,,,,,Water\",\"rating\":0}\n>player p2 {\"name\":\"Keiko_Sama\",\"avatar\":\"keiko-coral-disguise.png\",\"team\":\"Scream Tail||BoosterEnergy|Protosynthesis|Boomburst,CalmMind,DazzlingGleam,ExpandingForce|Mild|136,68,28,88,92,96|N|,0,,,,||13|,,,,,Fairy]Glalie||Glalitite|InnerFocus|Avalanche,Blizzard,ChillingWater,DarkPulse|Serious|84,108,88,84,80,64|N|||13|,,,,,Ice]Lokix||AirBalloon|Swarm|AxeKick,BugBuzz,HiveFrenzy,DarkPulse|Serious|104,104,88,140,32,40|M|||13|,,,,,Bug]Krokorok||AirBalloon|Intimidate|CarrionFeast,AquaTail,BrickBreak,DarkPulse|Serious|96,,176,80,76,80|N|||13|,,,,,Ground\",\"rating\":0}\n>chat ☆SlimeQueenSamantha|*deadpan* oki\n>p1 team 1, 2, 3, 4\n>p2 team 3, 2, 1, 4\n>p1 move swordsdance\n>p2 move darkpulse\n>p1 move doubleedge\n>p2 move bugbuzz\n>p2 switch 4\n>p1 move superpower\n>p2 move carrionfeast\n>p2 switch 2\n>p1 move hammerarm\n>p2 move avalanche\n>p1 switch 4\n>p1 move hydropump\n>p2 switch 3\n>p1 move hurricane\n>p2 move calmmind\n>p1 move hurricane\n>p2 move calmmind\n>p1 move hurricane\n>p2 move calmmind\n>chat ☆SlimeQueenSamantha|*cooked*\n>p1 move hydropump\n>p2 move boomburst\n>p1 switch 2\n>p1 move earthquake\n>p2 move boomburst\n>p1 move earthquake\n>p2 move boomburst\n>p1 switch 3\n>p1 move seedbomb\n>p2 move dazzlinggleam\n>p1 move seedbomb\n>p2 move boomburst",
	"uploadtime": 1789652827
}