{
	"id": "gen9rpbattle-83-tlspyt",
	"format": "[Gen 9] RP Battle",
	"players": [
		"Breeder Fay",
		"simia ignis"
	],
	"rating": null,
	"log": "|j|☆Breeder Fay\n|j|☆simia ignis\n|t:|1790136129\n|gametype|singles\n|player|p1|Breeder Fay|pokemonbreederf-gen4|\n|player|p2|simia ignis|simia-ignis.png|\n|gen|9\n|tier|[Gen 9] RP Battle\n|clearpoke\n|poke|p1|Wobbuffet, L16|\n|poke|p1|Volbeat, L18|\n|poke|p2|Flutter Mane, L18|\n|poke|p2|Snorlax, L18|\n|poke|p2|Azumarill, L18|\n|poke|p2|Monferno, L18|\n|poke|p2|Noibat, L17|\n|poke|p2|Smeargle, L18|\n|teampreview\n|inactive|Battle timer is ON: inactive players will automatically lose when time's up. (requested by Breeder Fay)\n|c|☆Breeder Fay|⚠️ TTR can't use held items (they unlock with your first badge) yet (not blocked, so just don't).\n|c|☆Breeder Fay|🔒 Z-Moves, Dynamax, Terastallization are locked until the story gives TTR the item; the battle won't allow them.\n|c|☆Breeder Fay|Your Showdown team must match your box: only Pokémon you own, at or below their box leve\n|c|☆Breeder Fay|Let's see what you've got!\n|\n|t:|1790136130\n|teamsize|p1|2\n|teamsize|p2|6\n|start\n|switch|p1a: Volbeat|Volbeat, L18|100/100\n|switch|p2a: Flutter Mane|Flutter Mane, L18, shiny|100/100\n|turn|1\n|\n|t:|1790136132\n|move|p2a: Flutter Mane|Calm Mind|p2a: Flutter Mane\n|-boost|p2a: Flutter Mane|spa|1\n|-boost|p2a: Flutter Mane|spd|1\n|move|p1a: Volbeat|Struggle Bug|p2a: Flutter Mane\n|-resisted|p2a: Flutter Mane\n|-damage|p2a: Flutter Mane|99/100\n|-unboost|p2a: Flutter Mane|spa|1\n|\n|upkeep\n|turn|2\n|\n|t:|1790136133\n|move|p2a: Flutter Mane|Calm Mind|p2a: Flutter Mane\n|-boost|p2a: Flutter Mane|spa|1\n|-boost|p2a: Flutter Mane|spd|1\n|move|p1a: Volbeat|Struggle Bug|p2a: Flutter Mane\n|-resisted|p2a: Flutter Mane\n|-damage|p2a: Flutter Mane|97/100\n|-unboost|p2a: Flutter Mane|spa|1\n|\n|upkeep\n|turn|3\n|\n|t:|1790136135\n|move|p2a: Flutter Mane|Calm Mind|p2a: Flutter Mane\n|-boost|p2a: Flutter Mane|spa|1\n|-boost|p2a: Flutter Mane|spd|1\n|move|p1a: Volbeat|Struggle Bug|p2a: Flutter Mane\n|-resisted|p2a: Flutter Mane\n|-damage|p2a: Flutter Mane|95/100\n|-unboost|p2a: Flutter Mane|spa|1\n|\n|upkeep\n|turn|4\n|\n|t:|1790136136\n|move|p2a: Flutter Mane|Calm Mind|p2a: Flutter Mane\n|-boost|p2a: Flutter Mane|spa|1\n|-boost|p2a: Flutter Mane|spd|1\n|move|p1a: Volbeat|Struggle Bug|p2a: Flutter Mane\n|-resisted|p2a: Flutter Mane\n|-damage|p2a: Flutter Mane|93/100\n|-unboost|p2a: Flutter Mane|spa|1\n|\n|upkeep\n|turn|5\n|\n|t:|1790136138\n|move|p2a: Flutter Mane|Calm Mind|p2a: Flutter Mane\n|-boost|p2a: Flutter Mane|spa|1\n|-boost|p2a: Flutter Mane|spd|1\n|move|p1a: Volbeat|Confuse Ray|p2a: Flutter Mane\n|-start|p2a: Flutter Mane|confusion\n|\n|upkeep\n|turn|6\n|\n|t:|1790136140\n|-activate|p2a: Flutter Mane|confusion\n|-damage|p2a: Flutter Mane|82/100|[from] confusion\n|move|p1a: Volbeat|Struggle Bug|p2a: Flutter Mane\n|-resisted|p2a: Flutter Mane\n|-damage|p2a: Flutter Mane|80/100\n|-unboost|p2a: Flutter Mane|spa|1\n|\n|upkeep\n|turn|7\n|\n|t:|1790136143\n|move|p1a: Volbeat|Quick Attack|p2a: Flutter Mane\n|-immune|p2a: Flutter Mane\n|-activate|p2a: Flutter Mane|confusion\n|move|p2a: Flutter Mane|Calm Mind|p2a: Flutter Mane\n|-boost|p2a: Flutter Mane|spa|1\n|-boost|p2a: Flutter Mane|spd|1\n|\n|upkeep\n|turn|8\n|\n|t:|1790136145\n|-activate|p2a: Flutter Mane|confusion\n|move|p2a: Flutter Mane|Moonblast|p1a: Volbeat\n|-damage|p1a: Volbeat|11/100\n|move|p1a: Volbeat|Struggle Bug|p2a: Flutter Mane\n|-resisted|p2a: Flutter Mane\n|-damage|p2a: Flutter Mane|78/100\n|-unboost|p2a: Flutter Mane|spa|1\n|\n|upkeep\n|turn|9\n|\n|t:|1790136148\n|-end|p2a: Flutter Mane|confusion\n|move|p2a: Flutter Mane|Calm Mind|p2a: Flutter Mane\n|-boost|p2a: Flutter Mane|spa|1\n|-boost|p2a: Flutter Mane|spd|0\n|move|p1a: Volbeat|Struggle Bug|p2a: Flutter Mane\n|-resisted|p2a: Flutter Mane\n|-crit|p2a: Flutter Mane\n|-damage|p2a: Flutter Mane|70/100\n|-unboost|p2a: Flutter Mane|spa|1\n|\n|upkeep\n|turn|10\n|\n|t:|1790136149\n|move|p2a: Flutter Mane|Calm Mind|p2a: Flutter Mane\n|-boost|p2a: Flutter Mane|spa|1\n|-boost|p2a: Flutter Mane|spd|0\n|move|p1a: Volbeat|Struggle Bug|p2a: Flutter Mane\n|-resisted|p2a: Flutter Mane\n|-damage|p2a: Flutter Mane|68/100\n|-unboost|p2a: Flutter Mane|spa|1\n|\n|upkeep\n|turn|11\n|\n|t:|1790136152\n|move|p2a: Flutter Mane|Calm Mind|p2a: Flutter Mane\n|-boost|p2a: Flutter Mane|spa|1\n|-boost|p2a: Flutter Mane|spd|0\n|move|p1a: Volbeat|Confuse Ray|p2a: Flutter Mane\n|-start|p2a: Flutter Mane|confusion\n|\n|upkeep\n|turn|12\n|\n|t:|1790136155\n|-activate|p2a: Flutter Mane|confusion\n|-damage|p2a: Flutter Mane|57/100|[from] confusion\n|move|p1a: Volbeat|Struggle Bug|p2a: Flutter Mane\n|-resisted|p2a: Flutter Mane\n|-damage|p2a: Flutter Mane|55/100\n|-unboost|p2a: Flutter Mane|spa|1\n|\n|upkeep\n|turn|13\n|\n|t:|1790136157\n|-activate|p2a: Flutter Mane|confusion\n|move|p2a: Flutter Mane|Shadow Ball|p1a: Volbeat\n|-damage|p1a: Volbeat|0 fnt\n|faint|p1a: Volbeat\n|\n|upkeep\n|\n|t:|1790136157\n|switch|p1a: Wobbuffet|Wobbuffet, L16|100/100\n|turn|14\n|\n|t:|1790136160\n|-activate|p2a: Flutter Mane|confusion\n|move|p2a: Flutter Mane|Calm Mind|p2a: Flutter Mane\n|-boost|p2a: Flutter Mane|spa|1\n|-boost|p2a: Flutter Mane|spd|0\n|move|p1a: Wobbuffet|Counter||[still]\n|-fail|p1a: Wobbuffet\n|\n|upkeep\n|turn|15\n|\n|t:|1790136162\n|-end|p2a: Flutter Mane|confusion\n|move|p2a: Flutter Mane|Calm Mind|p2a: Flutter Mane\n|-boost|p2a: Flutter Mane|spa|1\n|-boost|p2a: Flutter Mane|spd|0\n|move|p1a: Wobbuffet|Encore|p2a: Flutter Mane\n|-start|p2a: Flutter Mane|Encore\n|\n|upkeep\n|turn|16\n|\n|t:|1790136164\n|move|p2a: Flutter Mane|Calm Mind|p2a: Flutter Mane\n|-boost|p2a: Flutter Mane|spa|1\n|-boost|p2a: Flutter Mane|spd|0\n|move|p1a: Wobbuffet|Counter||[still]\n|-fail|p1a: Wobbuffet\n|\n|upkeep\n|turn|17\n|\n|t:|1790136166\n|move|p2a: Flutter Mane|Calm Mind|p2a: Flutter Mane\n|-boost|p2a: Flutter Mane|spa|1\n|-boost|p2a: Flutter Mane|spd|0\n|move|p1a: Wobbuffet|Encore||[still]\n|-fail|p1a: Wobbuffet\n|\n|upkeep\n|turn|18\n|\n|t:|1790136167\n|move|p2a: Flutter Mane|Calm Mind|p2a: Flutter Mane\n|-boost|p2a: Flutter Mane|spa|1\n|-boost|p2a: Flutter Mane|spd|0\n|move|p1a: Wobbuffet|Encore||[still]\n|-fail|p1a: Wobbuffet\n|\n|-end|p2a: Flutter Mane|Encore\n|upkeep\n|turn|19\n|\n|t:|1790136168\n|move|p2a: Flutter Mane|Shadow Ball|p1a: Wobbuffet\n|-supereffective|p1a: Wobbuffet\n|-damage|p1a: Wobbuffet|0 fnt\n|faint|p1a: Wobbuffet\n|\n|win|simia ignis\n",
	"inputlog": ">start {\"formatid\":\"gen9rpbattle\",\"seed\":\"sodium,d3191d10df23e948c1d32496a93043ec\"}\n>player p1 {\"name\":\"Breeder Fay\",\"avatar\":\"pokemonbreederf-gen4\",\"team\":\"Wobbuffet|||ShadowTag|MirrorCoat,DestinyBond,Counter,Encore|Bold|252,252,252,252,252,252|N|8,8,8,8,8,8||16|,,,,,Psychic]Volbeat|||Swarm|StruggleBug,QuickAttack,ConfuseRay,DoubleTeam|Timid|252,252,252,252,252,252|N|8,8,8,8,8,8||18|,,,,,Bug\",\"rating\":0}\n>player p2 {\"name\":\"simia ignis\",\"avatar\":\"simia-ignis.png\",\"team\":\"Flutter Mane|||Protosynthesis|Moonblast,ShadowBall,MysticalFire,CalmMind|Timid|,,,252,4,252|N|,0,,,,|S|18|,,,,,Ghost]Snorlax|||ThickFat|BodySlam,Curse,Rest,Earthquake|Adamant|252,252,,,4,|N|||18|,,,,,Normal]Azumarill|||HugePower|Liquidation,PlayRough,Superpower,KnockOff|Adamant|252,252,,,4,|N|||18|,,,,,Water]Monferno|||KindlingCrown|FlareBlitz,Uturn,CloseCombat,Acrobatics|Jolly|,252,,,4,252|N|||18|,,,,,Fire]Noibat|||Frisk|Acrobatics|Serious|1,,,,,|N|||17|,,,,,Flying]Smeargle|||Moody|ShellSmash,Substitute,BatonPass,Spore|Jolly|252,,4,,,252|N|,0,,,,||18|,,,,,Normal\",\"rating\":0}\n>chat ☆Breeder Fay|⚠️ TTR can't use held items (they unlock with your first badge) yet (not blocked, so just don't).\n>chat ☆Breeder Fay|🔒 Z-Moves, Dynamax, Terastallization are locked until the story gives TTR the item; the battle won't allow them.\n>chat ☆Breeder Fay|Your Showdown team must match your box: only Pokémon you own, at or below their box leve\n>chat ☆Breeder Fay|Let's see what you've got!\n>p1 team 2, 1\n>p2 team 1, 2, 3, 4, 5, 6\n>p1 move strugglebug\n>p2 move calmmind\n>p1 move strugglebug\n>p2 move calmmind\n>p1 move strugglebug\n>p2 move calmmind\n>p1 move strugglebug\n>p2 move calmmind\n>p1 move confuseray\n>p2 move calmmind\n>p1 move strugglebug\n>p2 move moonblast\n>p1 move quickattack\n>p2 move calmmind\n>p1 move strugglebug\n>p2 move moonblast\n>p1 move strugglebug\n>p2 move calmmind\n>p1 move strugglebug\n>p2 move calmmind\n>p1 move confuseray\n>p2 move calmmind\n>p1 move strugglebug\n>p2 move shadowball\n>p1 move strugglebug\n>p2 move shadowball\n>p1 switch 2\n>p1 move counter\n>p2 move calmmind\n>p1 move encore\n>p2 move calmmind\n>p1 move counter\n>p2 move calmmind\n>p1 move encore\n>p2 move calmmind\n>p1 move encore\n>p2 move calmmind\n>p1 move counter\n>p2 move shadowball",
	"uploadtime": 1790136168
}