{
	"id": "gen9rpou-9-tm8rrz",
	"format": "[Gen 9] RP OU",
	"players": [
		"Bunny Stockfish",
		"SlimeQueenSamantha"
	],
	"rating": null,
	"log": "|j|☆Bunny Stockfish\n|j|☆SlimeQueenSamantha\n|t:|1790882159\n|gametype|singles\n|badge|p1|bronze|gen9rpou|3-3\n|badge|p2|gold|gen9rpou|1-1\n|player|p1|Bunny Stockfish|bunny.png|1344\n|player|p2|SlimeQueenSamantha|queen.png|1524\n|gen|9\n|tier|[Gen 9] RP OU\n|rated|\n|rule|HP Percentage Mod: HP is shown in percentages\n|rule|Endless Battle Clause: Forcing endless battles is banned\n|rule|Species Clause: Limit one of each Pokémon\n|rule|OHKO Clause: OHKO moves are banned\n|rule|Evasion Clause: Evasion abilities, items, and moves are banned\n|rule|Evasion Abilities Clause: Evasion abilities are banned\n|rule|Evasion Items Clause: Evasion items are banned\n|rule|Evasion Moves Clause: Evasion moves are banned\n|rule|Sleep Clause Mod: Limit one foe put to sleep\n|clearpoke\n|poke|p1|Espathra|\n|poke|p1|Landorus-Therian|\n|poke|p1|Magearna-Original|\n|poke|p1|Slither Wing|\n|poke|p1|Lucario|\n|poke|p1|Swampert|\n|poke|p2|Lugia|\n|poke|p2|Blissey|\n|poke|p2|Registeel|\n|poke|p2|Umbreon|\n|poke|p2|Spiritomb|\n|poke|p2|Clodsire|\n|teampreview\n|c|☆Bunny Stockfish|Good luck! Playing on **stockfish**.\n|\n|t:|1790882305\n|teamsize|p1|6\n|teamsize|p2|6\n|start\n|switch|p1a: Landorus|Landorus-Therian|100/100\n|switch|p2a: Umbreon|Umbreon|100/100\n|-ability|p1a: Landorus|Intimidate|boost\n|-unboost|p2a: Umbreon|atk|1\n|turn|1\n|\n|t:|1790882308\n|move|p1a: Landorus|Stealth Rock|p2a: Umbreon\n|-sidestart|p2: SlimeQueenSamantha|move: Stealth Rock\n|move|p2a: Umbreon|Knock Off|p1a: Landorus\n|-damage|p1a: Landorus|84/100\n|-damage|p2a: Umbreon|84/100|[from] item: Rocky Helmet|[of] p1a: Landorus\n|-enditem|p1a: Landorus|Rocky Helmet|[from] move: Knock Off|[of] p2a: Umbreon\n|\n|-heal|p2a: Umbreon|90/100|[from] item: Leftovers\n|upkeep\n|turn|2\n|\n|t:|1790882311\n|move|p1a: Landorus|Earthquake|p2a: Umbreon\n|-damage|p2a: Umbreon|56/100\n|move|p2a: Umbreon|Toxic|p1a: Landorus\n|-status|p1a: Landorus|tox\n|\n|-heal|p2a: Umbreon|62/100|[from] item: Leftovers\n|-damage|p1a: Landorus|78/100 tox|[from] psn\n|upkeep\n|turn|3\n|\n|t:|1790882313\n|switch|p1a: Lucario|Lucario|100/100\n|move|p2a: Umbreon|Recover|p2a: Umbreon\n|-heal|p2a: Umbreon|100/100\n|\n|upkeep\n|turn|4\n|\n|t:|1790882317\n|detailschange|p1a: Lucario|Lucario-Mega\n|-mega|p1a: Lucario|Lucario|Lucarionite\n|move|p1a: Lucario|Close Combat|p2a: Umbreon\n|-supereffective|p2a: Umbreon\n|-damage|p2a: Umbreon|0 fnt\n|-unboost|p1a: Lucario|def|1\n|-unboost|p1a: Lucario|spd|1\n|faint|p2a: Umbreon\n|\n|upkeep\n|\n|t:|1790882322\n|switch|p2a: Spiritomb|Spiritomb, shiny|100/100\n|-damage|p2a: Spiritomb|88/100|[from] Stealth Rock\n|turn|5\n|\n|t:|1790882325\n|move|p1a: Lucario|Meteor Mash|p2a: Spiritomb\n|-damage|p2a: Spiritomb|35/100\n|move|p2a: Spiritomb|Will-O-Wisp|p1a: Lucario|[miss]\n|-miss|p2a: Spiritomb|p1a: Lucario\n|\n|-heal|p2a: Spiritomb|41/100|[from] item: Leftovers\n|upkeep\n|turn|6\n|\n|t:|1790882330\n|move|p1a: Lucario|Stone Edge|p2a: Spiritomb\n|-damage|p2a: Spiritomb|10/100\n|move|p2a: Spiritomb|Strength Sap|p1a: Lucario\n|-unboost|p1a: Lucario|atk|1\n|-heal|p2a: Spiritomb|100/100\n|\n|upkeep\n|turn|7\n|\n|t:|1790882333\n|move|p1a: Lucario|Meteor Mash|p2a: Spiritomb\n|-damage|p2a: Spiritomb|63/100\n|-boost|p1a: Lucario|atk|1\n|move|p2a: Spiritomb|Will-O-Wisp|p1a: Lucario\n|-status|p1a: Lucario|brn\n|\n|-heal|p2a: Spiritomb|69/100|[from] item: Leftovers\n|-damage|p1a: Lucario|94/100 brn|[from] brn\n|upkeep\n|turn|8\n|\n|t:|1790882341\n|move|p1a: Lucario|Meteor Mash|p2a: Spiritomb\n|-damage|p2a: Spiritomb|43/100\n|move|p2a: Spiritomb|Strength Sap|p1a: Lucario\n|-unboost|p1a: Lucario|atk|1\n|-heal|p2a: Spiritomb|100/100\n|\n|-damage|p1a: Lucario|88/100 brn|[from] brn\n|upkeep\n|turn|9\n|\n|t:|1790882342\n|move|p1a: Lucario|Meteor Mash|p2a: Spiritomb\n|-crit|p2a: Spiritomb\n|-damage|p2a: Spiritomb|57/100\n|move|p2a: Spiritomb|Soul Toll|p1a: Lucario\n|-damage|p1a: Lucario|0 fnt\n|faint|p1a: Lucario\n|detailschange|p1: Lucario|Lucario|[silent]\n|\n|-heal|p2a: Spiritomb|63/100|[from] item: Leftovers\n|upkeep\n|\n|t:|1790882343\n|switch|p1a: Magearna|Magearna-Original|100/100\n|turn|10\n|\n|t:|1790882348\n|-start|p1a: Magearna|Dynamax|\n|-heal|p1a: Magearna|100/100|[silent]\n|move|p1a: Magearna|Max Steelspike|p2a: Spiritomb\n|-damage|p2a: Spiritomb|20/100\n|-boost|p1a: Magearna|def|1\n|move|p2a: Spiritomb|Strength Sap|p1a: Magearna\n|-unboost|p1a: Magearna|atk|1\n|-heal|p2a: Spiritomb|67/100\n|\n|-heal|p2a: Spiritomb|73/100|[from] item: Leftovers\n|upkeep\n|turn|11\n|\n|t:|1790882360\n|switch|p2a: Clodsire|Clodsire|100/100\n|move|p1a: Magearna|Max Steelspike|p2a: Clodsire\n|-damage|p2a: Clodsire|55/100\n|-boost|p1a: Magearna|def|1\n|\n|upkeep\n|turn|12\n|\n|t:|1790882365\n|move|p1a: Magearna|Max Steelspike|p2a: Clodsire\n|-damage|p2a: Clodsire|4/100\n|-boost|p1a: Magearna|def|1\n|move|p2a: Clodsire|Recover|p2a: Clodsire\n|-heal|p2a: Clodsire|54/100\n|\n|upkeep\n|-end|p1a: Magearna|Dynamax\n|-heal|p1a: Magearna|100/100|[silent]\n|turn|13\n|\n|t:|1790882367\n|move|p1a: Magearna|Flash Cannon|p2a: Clodsire\n|-damage|p2a: Clodsire|24/100\n|move|p2a: Clodsire|Recover|p2a: Clodsire\n|-heal|p2a: Clodsire|74/100\n|\n|upkeep\n|turn|14\n|\n|t:|1790882370\n|move|p1a: Magearna|Flash Cannon|p2a: Clodsire\n|-crit|p2a: Clodsire\n|-damage|p2a: Clodsire|28/100\n|move|p2a: Clodsire|Earthquake|p1a: Magearna\n|-supereffective|p1a: Magearna\n|-damage|p1a: Magearna|82/100\n|\n|-heal|p1a: Magearna|88/100|[from] item: Leftovers\n|upkeep\n|turn|15\n|\n|t:|1790882377\n|move|p1a: Magearna|Flash Cannon|p2a: Clodsire\n|-damage|p2a: Clodsire|0 fnt\n|faint|p2a: Clodsire\n|-ability|p1a: Magearna|Soul-Heart|boost\n|-boost|p1a: Magearna|spa|1\n|\n|-heal|p1a: Magearna|94/100|[from] item: Leftovers\n|upkeep\n|\n|t:|1790882382\n|switch|p2a: Registeel|Registeel|100/100\n|-damage|p2a: Registeel|94/100|[from] Stealth Rock\n|turn|16\n|\n|t:|1790882384\n|move|p1a: Magearna|Fleur Cannon|p2a: Registeel\n|-resisted|p2a: Registeel\n|-crit|p2a: Registeel\n|-damage|p2a: Registeel|65/100\n|-unboost|p1a: Magearna|spa|2\n|move|p2a: Registeel|Amnesia|p2a: Registeel\n|-boost|p2a: Registeel|spd|2\n|\n|-heal|p1a: Magearna|100/100|[from] item: Leftovers\n|-heal|p2a: Registeel|71/100|[from] item: Leftovers\n|upkeep\n|turn|17\n|\n|t:|1790882386\n|switch|p1a: Swampert|Swampert|100/100\n|move|p2a: Registeel|Amnesia|p2a: Registeel\n|-boost|p2a: Registeel|spd|2\n|\n|-heal|p2a: Registeel|77/100|[from] item: Leftovers\n|upkeep\n|turn|18\n|\n|t:|1790882388\n|move|p1a: Swampert|Earthquake|p2a: Registeel\n|-supereffective|p2a: Registeel\n|-damage|p2a: Registeel|28/100\n|move|p2a: Registeel|Iron Defense|p2a: Registeel\n|-boost|p2a: Registeel|def|2\n|\n|-heal|p2a: Registeel|34/100|[from] item: Leftovers\n|upkeep\n|turn|19\n|\n|t:|1790882393\n|-terastallize|p2a: Registeel|Fairy\n|move|p1a: Swampert|Earthquake|p2a: Registeel\n|-damage|p2a: Registeel|22/100\n|move|p2a: Registeel|Slack Off|p2a: Registeel\n|-heal|p2a: Registeel|72/100\n|\n|-heal|p2a: Registeel|78/100|[from] item: Leftovers\n|upkeep\n|turn|20\n|\n|t:|1790882397\n|move|p1a: Swampert|Earthquake|p2a: Registeel\n|-damage|p2a: Registeel|65/100\n|move|p2a: Registeel|Iron Defense|p2a: Registeel\n|-boost|p2a: Registeel|def|2\n|\n|-heal|p2a: Registeel|71/100|[from] item: Leftovers\n|upkeep\n|turn|21\n|\n|t:|1790882399\n|move|p1a: Swampert|Earthquake|p2a: Registeel\n|-damage|p2a: Registeel|62/100\n|move|p2a: Registeel|Iron Defense|p2a: Registeel\n|-boost|p2a: Registeel|def|2\n|\n|-heal|p2a: Registeel|68/100|[from] item: Leftovers\n|upkeep\n|turn|22\n|\n|t:|1790882400\n|move|p1a: Swampert|Earthquake|p2a: Registeel\n|-damage|p2a: Registeel|62/100\n|move|p2a: Registeel|Amnesia|p2a: Registeel\n|-boost|p2a: Registeel|spd|2\n|\n|-heal|p2a: Registeel|68/100|[from] item: Leftovers\n|upkeep\n|turn|23\n|\n|t:|1790882403\n|move|p1a: Swampert|Earthquake|p2a: Registeel\n|-damage|p2a: Registeel|62/100\n|move|p2a: Registeel|Velvet Press|p1a: Swampert\n|-damage|p1a: Swampert|0 fnt\n|faint|p1a: Swampert\n|\n|-heal|p2a: Registeel|68/100|[from] item: Leftovers\n|upkeep\n|\n|t:|1790882404\n|switch|p1a: Magearna|Magearna-Original|100/100\n|turn|24\n|\n|t:|1790882406\n|move|p1a: Magearna|Flash Cannon|p2a: Registeel\n|-supereffective|p2a: Registeel\n|-damage|p2a: Registeel|56/100\n|move|p2a: Registeel|Slack Off|p2a: Registeel\n|-heal|p2a: Registeel|100/100\n|\n|upkeep\n|turn|25\n|\n|t:|1790882409\n|move|p1a: Magearna|Flash Cannon|p2a: Registeel\n|-supereffective|p2a: Registeel\n|-damage|p2a: Registeel|88/100\n|move|p2a: Registeel|Velvet Press|p1a: Magearna\n|-resisted|p1a: Magearna\n|-damage|p1a: Magearna|21/100\n|\n|-heal|p1a: Magearna|27/100|[from] item: Leftovers\n|-heal|p2a: Registeel|94/100|[from] item: Leftovers\n|upkeep\n|turn|26\n|\n|t:|1790882411\n|move|p1a: Magearna|Flash Cannon|p2a: Registeel\n|-supereffective|p2a: Registeel\n|-damage|p2a: Registeel|81/100\n|move|p2a: Registeel|Velvet Press|p1a: Magearna\n|-resisted|p1a: Magearna\n|-damage|p1a: Magearna|0 fnt\n|faint|p1a: Magearna\n|\n|-heal|p2a: Registeel|87/100|[from] item: Leftovers\n|upkeep\n|\n|t:|1790882411\n|switch|p1a: Landorus|Landorus-Therian|78/100 tox\n|-ability|p1a: Landorus|Intimidate|boost\n|-unboost|p2a: Registeel|atk|1\n|turn|27\n|\n|t:|1790882413\n|move|p1a: Landorus|Taunt|p2a: Registeel\n|-start|p2a: Registeel|move: Taunt\n|move|p2a: Registeel|Velvet Press|p1a: Landorus\n|-damage|p1a: Landorus|0 fnt\n|faint|p1a: Landorus\n|\n|-heal|p2a: Registeel|93/100|[from] item: Leftovers\n|upkeep\n|\n|t:|1790882413\n|switch|p1a: Espathra|Espathra|100/100\n|turn|28\n|\n|t:|1790882415\n|-terastallize|p1a: Espathra|Psychic\n|move|p1a: Espathra|Lumina Crash|p2a: Registeel\n|-damage|p2a: Registeel|83/100\n|-unboost|p2a: Registeel|spd|2\n|move|p2a: Registeel|Velvet Press|p1a: Espathra\n|-damage|p1a: Espathra|0 fnt\n|faint|p1a: Espathra\n|\n|-heal|p2a: Registeel|90/100|[from] item: Leftovers\n|upkeep\n|\n|t:|1790882415\n|switch|p1a: Slither Wing|Slither Wing|100/100\n|turn|29\n|\n|t:|1790882416\n|move|p1a: Slither Wing|First Impression|p2a: Registeel\n|-resisted|p2a: Registeel\n|-damage|p2a: Registeel|86/100\n|move|p2a: Registeel|Velvet Press|p1a: Slither Wing\n|-supereffective|p1a: Slither Wing\n|-damage|p1a: Slither Wing|0 fnt\n|faint|p1a: Slither Wing\n|-end|p1a: Slither Wing|Protosynthesis|[silent]\n|\n|win|SlimeQueenSamantha\n",
	"inputlog": ">start {\"formatid\":\"gen9rpou\",\"seed\":\"sodium,e2770d7ae0abb41f54b8190cd8bfdb64\",\"rated\":\"Rated battle\"}\n>player p1 {\"name\":\"Bunny Stockfish\",\"avatar\":\"bunny.png\",\"team\":\"Espathra||ChoiceSpecs|SpeedBoost|LuminaCrash,Uturn,DazzlingGleam,ShadowBall|Timid|,,,252,4,252|N||||,,,,,Psychic]Landorus|LandorusTherian|RockyHelmet|Intimidate|StealthRock,Earthquake,Uturn,Taunt|Timid|252,,4,,,252|N||||,,,,,Water]Magearna|MagearnaOriginal|Leftovers|SoulHeart|FlashCannon,PainSplit,VoltSwitch,FleurCannon|Modest|252,,,252,4,|N|,0,,,,|||,,,,,Water]Slither Wing||HeavyDutyBoots|Protosynthesis|FirstImpression,Uturn,MorningSun,WillOWisp|Impish|252,28,220,,,8|N||||,,,,,Steel]Lucario||Lucarionite|Justified|CloseCombat,MeteorMash,StoneEdge,ExtremeSpeed|Jolly|,252,,,4,252|N||||,,,,,Normal]Swampert||RockyHelmet|Torrent|Surf,Earthquake,FlipTurn,WaveCharge|Sassy|248,,8,,252,|N||||,,,,,Ghost\",\"rating\":1344}\n>player p2 {\"name\":\"SlimeQueenSamantha\",\"avatar\":\"queen.png\",\"team\":\"Lugia||HeavyDutyBoots|Multiscale|CalmMind,AirSlash,EarthPower,Recover|Timid|248,,8,,,252|N|,0,,,,|||,,,,,Ground]Blissey||HeavyDutyBoots|Caretaker|SoftBoiled,StealthRock,Toxic,SeismicToss|Bold|252,,252,,4,|N|,0,,,,|S||,,,,,Water]Registeel||Leftovers|Unaware|SlackOff,IronDefense,Amnesia,velvetpress|Calm|252,,,4,252,|N|,0,,,,|||,,,,,Fairy]Umbreon||Leftovers|MoonlitVenom|Recover,Toxic,KnockOff,Teleport|Careful|252,4,,,252,|N||||,,,,,Poison]Spiritomb||Leftovers|KeystoneLegion|soultoll,StrengthSap,PartingShot,WillOWisp|Careful|252,4,,,252,|N||S||,,,,,Dragon]Clodsire||HeavyDutyBoots|WaterAbsorb|ToxicSpikes,Punishment,Earthquake,Recover|Careful|248,8,244,,8,|N||||,,,,,Fire\",\"rating\":1524}\n>chat ☆Bunny Stockfish|Good luck! Playing on **stockfish**.\n>p1 team 2, 1, 5, 4, 3, 6\n>p2 team 4, 2, 3, 1, 5, 6\n>p1 move stealthrock\n>p2 move knockoff\n>p1 move earthquake\n>p2 move toxic\n>p1 switch 3\n>p2 move recover\n>p1 move closecombat mega\n>p2 move toxic\n>p2 switch 5\n>p1 move meteormash\n>p2 move willowisp\n>p1 move stoneedge\n>p2 move strengthsap\n>p1 move meteormash\n>p2 move willowisp\n>p1 move meteormash\n>p2 move strengthsap\n>p1 move meteormash\n>p2 move soultoll\n>p1 switch 5\n>p1 move flashcannon dynamax\n>p2 move strengthsap\n>p1 move flashcannon dynamax\n>p2 switch 6\n>p1 move flashcannon dynamax\n>p2 move recover\n>p1 move flashcannon\n>p2 move recover\n>p1 move flashcannon\n>p2 move earthquake\n>p1 move flashcannon\n>p2 move recover\n>p2 switch 3\n>p1 move fleurcannon\n>p2 move amnesia\n>p1 switch 6\n>p2 move amnesia\n>p1 move earthquake\n>p2 move irondefense\n>p1 move earthquake\n>p2 move slackoff terastallize\n>p1 move earthquake\n>p2 move irondefense\n>p1 move earthquake\n>p2 move irondefense\n>p1 move earthquake\n>p2 move amnesia\n>p1 move earthquake\n>p2 move velvetpress\n>p1 switch 6\n>p1 move flashcannon\n>p2 move slackoff\n>p1 move flashcannon\n>p2 move velvetpress\n>p1 move flashcannon\n>p2 move velvetpress\n>p1 switch 3\n>p1 move taunt\n>p2 move velvetpress\n>p1 switch 2\n>p1 move luminacrash terastallize\n>p2 move velvetpress\n>p1 switch 4\n>p1 move firstimpression\n>p2 move velvetpress",
	"uploadtime": 1790882416
}