{
	"id": "gen9rpou-4-tlqix6",
	"format": "[Gen 9] RP OU",
	"players": [
		"Bunny Stockfish",
		"SlimeQueenSamantha"
	],
	"rating": null,
	"log": "|j|☆Bunny Stockfish\n|j|☆SlimeQueenSamantha\n|t:|1790029031\n|gametype|singles\n|badge|p1|silver|gen9rpou|2-2\n|badge|p2|bronze|gen9rpou|3-3\n|player|p1|Bunny Stockfish|bunny.png|1402\n|player|p2|SlimeQueenSamantha|queen.png|1400\n|gen|9\n|tier|[Gen 9] RP OU\n|rated|\n|rule|HP Percentage Mod: HP is shown in percentages\n|rule|Endless Battle Clause: Forcing endless battles is banned\n|rule|Species Clause: Limit one of each Pokémon\n|rule|OHKO Clause: OHKO moves are banned\n|rule|Evasion Clause: Evasion abilities, items, and moves are banned\n|rule|Evasion Abilities Clause: Evasion abilities are banned\n|rule|Evasion Items Clause: Evasion items are banned\n|rule|Evasion Moves Clause: Evasion moves are banned\n|rule|Sleep Clause Mod: Limit one foe put to sleep\n|clearpoke\n|poke|p1|Empoleon|\n|poke|p1|Ogerpon|\n|poke|p1|Raging Bolt|\n|poke|p1|Spiritomb|\n|poke|p1|Blissey|\n|poke|p1|Enamorus-Therian|\n|poke|p2|Banette, F|\n|poke|p2|Ursaluna-Bloodmoon, M|\n|poke|p2|Magearna|\n|poke|p2|Hatterene, F|\n|poke|p2|Enamorus-Therian, F|\n|poke|p2|Kingambit|\n|teampreview\n|c|☆Bunny Stockfish|Good luck! Playing on **stockfish**.\n|\n|t:|1790029034\n|teamsize|p1|6\n|teamsize|p2|6\n|start\n|switch|p1a: Empoleon|Empoleon|100/100\n|switch|p2a: Banette|Banette, F, shiny|100/100\n|-item|p1a: Empoleon|Leftovers|[from] ability: Frisk|[of] p2a: Banette\n|turn|1\n|\n|t:|1790029038\n|detailschange|p2a: Banette|Banette-Mega-Halloween, F, shiny\n|-mega|p2a: Banette|Banette|Banettite-Halloween\n|-ability|p2a: Banette|Witching Hour\n|-message|The Witching Hour has struck! Banette's tricks can't be stopped, not even by Dark types!\n|-message|Banette's Poltergeist became Witch's Snatch!\n|move|p2a: Banette|Witch's Snatch|p1a: Empoleon\n|-damage|p1a: Empoleon|0 fnt\n|-enditem|p1a: Empoleon|Leftovers|[from] move: Witch's Snatch|[of] p2a: Banette\n|faint|p1a: Empoleon\n|\n|upkeep\n|\n|t:|1790029039\n|switch|p1a: Enamorus|Enamorus-Therian|100/100\n|turn|2\n|\n|t:|1790029047\n|move|p2a: Banette|Witch's Snatch|p1a: Enamorus\n|-damage|p1a: Enamorus|0 fnt\n|-enditem|p1a: Enamorus|Leftovers|[from] move: Witch's Snatch|[of] p2a: Banette\n|faint|p1a: Enamorus\n|\n|upkeep\n|\n|t:|1790029047\n|switch|p1a: Ogerpon|Ogerpon|100/100\n|turn|3\n|\n|t:|1790029051\n|-terastallize|p1a: Ogerpon|Grass\n|detailschange|p1a: Ogerpon|Ogerpon-Teal-Tera, tera:Grass\n|-ability|p1a: Ogerpon|Embody Aspect (Teal)|boost\n|-boost|p1a: Ogerpon|spe|1\n|move|p2a: Banette|Twilight Exit|p2a: Banette\n|-fieldstart|move: Trick Room|[of] p2a: Banette\n|\n|t:|1790029149\n|switch|p2a: Kingambit|Kingambit|100/100|[from] Twilight Exit\n|move|p1a: Ogerpon|Ivy Cudgel|p2a: Kingambit\n|-resisted|p2a: Kingambit\n|-damage|p2a: Kingambit|66/100\n|\n|-heal|p2a: Kingambit|73/100|[from] item: Leftovers\n|upkeep\n|turn|4\n|\n|t:|1790029153\n|move|p2a: Kingambit|Swords Dance|p2a: Kingambit\n|-boost|p2a: Kingambit|atk|2\n|move|p1a: Ogerpon|Ivy Cudgel|p2a: Kingambit\n|-resisted|p2a: Kingambit\n|-damage|p2a: Kingambit|39/100\n|\n|-heal|p2a: Kingambit|45/100|[from] item: Leftovers\n|upkeep\n|turn|5\n|\n|t:|1790029158\n|move|p2a: Kingambit|Iron Head|p1a: Ogerpon\n|-damage|p1a: Ogerpon|0 fnt\n|faint|p1a: Ogerpon\n|detailschange|p1: Ogerpon|Ogerpon|[silent]\n|\n|-heal|p2a: Kingambit|51/100|[from] item: Leftovers\n|upkeep\n|\n|t:|1790029159\n|switch|p1a: Raging Bolt|Raging Bolt|100/100\n|turn|6\n|\n|t:|1790029162\n|-start|p1a: Raging Bolt|Dynamax|\n|-heal|p1a: Raging Bolt|100/100|[silent]\n|move|p2a: Kingambit|Knock Off|p1a: Raging Bolt\n|-damage|p1a: Raging Bolt|44/100\n|-enditem|p1a: Raging Bolt|Heavy-Duty Boots|[from] move: Knock Off|[of] p2a: Kingambit\n|move|p1a: Raging Bolt|Max Lightning|p2a: Kingambit\n|-damage|p2a: Kingambit|0 fnt\n|-fieldstart|move: Electric Terrain\n|faint|p2a: Kingambit\n|-end|p2a: Kingambit|fallenundefined|[silent]\n|\n|upkeep\n|\n|t:|1790029168\n|switch|p2a: Banette|Banette-Mega-Halloween, F, shiny|100/100\n|-ability|p2a: Banette|Witching Hour\n|-message|The Witching Hour has struck! Banette's tricks can't be stopped, not even by Dark types!\n|turn|7\n|\n|t:|1790029170\n|move|p2a: Banette|Witch's Snatch|p1a: Raging Bolt\n|-damage|p1a: Raging Bolt|0 fnt\n|faint|p1a: Raging Bolt\n|-end|p1a: Raging Bolt|Protosynthesis|[silent]\n|\n|-fieldend|move: Trick Room\n|upkeep\n|\n|t:|1790029170\n|switch|p1a: Spiritomb|Spiritomb|100/100\n|turn|8\n|\n|t:|1790029179\n|move|p2a: Banette|Witch's Snatch|p1a: Spiritomb\n|-ability|p1a: Spiritomb|Keystone Legion\n|-message|The spirits of the keystone shield Spiritomb!\n|-start|p2a: Banette|Curse|[of] p1a: Spiritomb\n|-damage|p1a: Spiritomb|1/100\n|-enditem|p1a: Spiritomb|Leftovers|[from] move: Witch's Snatch|[of] p2a: Banette\n|move|p1a: Spiritomb|Soul Toll|p2a: Banette\n|-damage|p2a: Banette|19/100\n|-heal|p1a: Spiritomb|30/100|[from] drain|[of] p2a: Banette\n|\n|-damage|p2a: Banette|0 fnt|[from] Curse\n|faint|p2a: Banette\n|-message|A soul joins the legion. Spiritomb's keystone mends!\n|detailschange|p2: Banette|Banette, F, shiny|[silent]\n|upkeep\n|\n|t:|1790029192\n|switch|p2a: Magearna|Magearna|100/100\n|turn|9\n|\n|t:|1790029193\n|switch|p1a: Blissey|Blissey|100/100\n|move|p2a: Magearna|Trick Room|p2a: Magearna\n|-fieldstart|move: Trick Room|[of] p2a: Magearna\n|\n|upkeep\n|turn|10\n|\n|t:|1790029195\n|move|p1a: Blissey|Calm Mind|p1a: Blissey\n|-boost|p1a: Blissey|spa|1\n|-boost|p1a: Blissey|spd|1\n|move|p2a: Magearna|Trick Room|p2a: Magearna\n|-fieldend|move: Trick Room\n|\n|-fieldend|move: Electric Terrain\n|upkeep\n|turn|11\n|\n|t:|1790029197\n|move|p1a: Blissey|Calm Mind|p1a: Blissey\n|-boost|p1a: Blissey|spa|1\n|-boost|p1a: Blissey|spd|1\n|move|p2a: Magearna|Trick Room|p2a: Magearna\n|-fieldstart|move: Trick Room|[of] p2a: Magearna\n|\n|upkeep\n|turn|12\n|\n|t:|1790029199\n|move|p1a: Blissey|Calm Mind|p1a: Blissey\n|-boost|p1a: Blissey|spa|1\n|-boost|p1a: Blissey|spd|1\n|move|p2a: Magearna|Volt Switch|p1a: Blissey\n|-damage|p1a: Blissey|97/100\n|\n|t:|1790029211\n|switch|p2a: Enamorus|Enamorus-Therian, F|100/100|[from] Volt Switch\n|\n|upkeep\n|turn|13\n|\n|t:|1790029213\n|move|p2a: Enamorus|Calm Mind|p2a: Enamorus\n|-boost|p2a: Enamorus|spa|1\n|-boost|p2a: Enamorus|spd|1\n|move|p1a: Blissey|Calm Mind|p1a: Blissey\n|-boost|p1a: Blissey|spa|1\n|-boost|p1a: Blissey|spd|1\n|\n|upkeep\n|turn|14\n|\n|t:|1790029214\n|move|p2a: Enamorus|Calm Mind|p2a: Enamorus\n|-boost|p2a: Enamorus|spa|1\n|-boost|p2a: Enamorus|spd|1\n|move|p1a: Blissey|Seismic Toss|p2a: Enamorus\n|-damage|p2a: Enamorus|72/100\n|\n|-heal|p2a: Enamorus|78/100|[from] item: Leftovers\n|upkeep\n|turn|15\n|\n|t:|1790029215\n|move|p2a: Enamorus|Calm Mind|p2a: Enamorus\n|-boost|p2a: Enamorus|spa|1\n|-boost|p2a: Enamorus|spd|1\n|move|p1a: Blissey|Seismic Toss|p2a: Enamorus\n|-damage|p2a: Enamorus|50/100\n|\n|-heal|p2a: Enamorus|55/100|[from] item: Leftovers\n|-fieldend|move: Trick Room\n|upkeep\n|turn|16\n|\n|t:|1790029216\n|move|p1a: Blissey|Seismic Toss|p2a: Enamorus\n|-damage|p2a: Enamorus|27/100\n|move|p2a: Enamorus|Calm Mind|p2a: Enamorus\n|-boost|p2a: Enamorus|spa|1\n|-boost|p2a: Enamorus|spd|1\n|\n|-heal|p2a: Enamorus|33/100|[from] item: Leftovers\n|upkeep\n|turn|17\n|\n|t:|1790029218\n|move|p1a: Blissey|Seismic Toss|p2a: Enamorus\n|-damage|p2a: Enamorus|4/100\n|move|p2a: Enamorus|Moonblast|p1a: Blissey\n|-damage|p1a: Blissey|81/100\n|\n|-heal|p2a: Enamorus|10/100|[from] item: Leftovers\n|upkeep\n|turn|18\n|-message|SlimeQueenSamantha forfeited.\n|\n|win|Bunny Stockfish\n",
	"inputlog": ">start {\"formatid\":\"gen9rpou\",\"seed\":\"sodium,382f5f6b16dbc4059320be499e148cef\",\"rated\":\"Rated battle\"}\n>player p1 {\"name\":\"Bunny Stockfish\",\"avatar\":\"bunny.png\",\"team\":\"Empoleon||Leftovers|EmperorsPride|ImperialTorrent,Roost,StealthRock,WaveCharge|Calm|252,,4,,252,|N||||,,,,,Flying]Ogerpon||ChoiceBand|Defiant|IvyCudgel,KnockOff,Uturn,RockTomb|Jolly|,252,4,,,252|N||||,,,,,Grass]Raging Bolt||HeavyDutyBoots|Protosynthesis|Thunderbolt,Thunderclap,VoltSwitch,DragonPulse|Modest|,,4,252,,252|N|,20,,,,|||,,,,,Fairy]Spiritomb||Leftovers|KeystoneLegion|SoulToll,StrengthSap,WillOWisp,CarrionFeast|Calm|252,,4,,252,|N||||,,,,,Fairy]Blissey||HeavyDutyBoots|Healer|SoftBoiled,CalmMind,SeismicToss,ShadowBall|Calm|4,,252,,252,|N|,0,,,,|||,,,,,Water]Enamorus|EnamorusTherian|Leftovers|Overcoat|CalmMind,DrainingKiss,EarthPower,MysticalFire|Modest|248,,8,252,,|N||||,,,,,Poison\",\"rating\":1402}\n>player p2 {\"name\":\"SlimeQueenSamantha\",\"avatar\":\"queen.png\",\"team\":\"Banette||BanettiteHalloween|Frisk|Poltergeist,ShadowSneak,DestinyBond,TwilightExit|Adamant|4,252,,,,252|F||S||,,,,,Ghost]Ursaluna|UrsalunaBloodmoon|Leftovers|MindsEye|CalmMind,BloodMoon,HyperVoice,EarthPower|Modest|252,,4,252,,|M||||,,,,,Normal]Magearna||Leftovers|SoulHeart|TrickRoom,VoltSwitch,FleurCannon,FlashCannon|Quiet|252,,,252,4,|N|,0,,,,|||,,,,,Steel]Hatterene||FocusSash|MagicBounce|TrickRoom,PsychicNoise,DazzlingGleam,HealingWish|Quiet|252,,4,252,,|F|,0,,,,0|||,,,,,Water]Enamorus|EnamorusTherian|Leftovers|Overcoat|CalmMind,Moonblast,EarthPower,MysticalFire|Modest|248,,8,252,,|F||||,,,,,Ground]Kingambit||Leftovers|SupremeOverlord|KnockOff,SuckerPunch,IronHead,SwordsDance|Adamant|252,252,,,4,|N||||,,,,,Dark\",\"rating\":1400}\n>chat ☆Bunny Stockfish|Good luck! Playing on **stockfish**.\n>p1 team 1, 2, 3, 5, 6, 4\n>p2 team 1, 2, 3, 4, 5, 6\n>p1 move imperialtorrent\n>p2 move poltergeist mega\n>p1 switch 5\n>p1 move drainingkiss\n>p2 move witchssnatch\n>p1 switch 2\n>p1 move ivycudgel terastallize\n>p2 move twilightexit\n>p2 switch 6\n>p1 move ivycudgel\n>p2 move swordsdance\n>p1 move ivycudgel\n>p2 move ironhead\n>p1 switch 3\n>p1 move thunderbolt dynamax\n>p2 move knockoff\n>p2 switch 6\n>p1 move thunderbolt dynamax\n>p2 move witchssnatch\n>p1 switch 6\n>p1 move soultoll\n>p2 move witchssnatch\n>p2 switch 3\n>p1 switch 4\n>p2 move trickroom\n>p1 move calmmind\n>p2 move trickroom\n>p1 move calmmind\n>p2 move trickroom\n>p1 move calmmind\n>p2 move voltswitch\n>p2 switch 5\n>p1 move calmmind\n>p2 move calmmind\n>p1 move seismictoss\n>p2 move calmmind\n>p1 move seismictoss\n>p2 move calmmind\n>p1 move seismictoss\n>p2 move calmmind\n>p1 move seismictoss\n>p2 move moonblast\n>forcelose p2",
	"uploadtime": 1790029222
}