{
	"id": "gen9rpbattle-1-tlq1sq",
	"format": "[Gen 9] RP Battle",
	"players": [
		"Officer Dan",
		"SlimeQueenSamantha"
	],
	"rating": null,
	"log": "|j|☆Officer Dan\n|j|☆SlimeQueenSamantha\n|t:|1790007514\n|gametype|singles\n|player|p1|Officer Dan|policeman-gen4|\n|player|p2|SlimeQueenSamantha|queen.png|\n|gen|9\n|tier|[Gen 9] RP Battle\n|clearpoke\n|poke|p1|Yungoos, L9|\n|poke|p1|Castform, L13|\n|poke|p2|Chikorita, L13|\n|teampreview\n|inactive|Battle timer is ON: inactive players will automatically lose when time's up. (requested by Officer Dan)\n|c|☆Officer Dan|⚠️ Slime Queen Samantha can't use held items (they unlock with your first badge) yet (not blocked, so just don't).\n|c|☆Officer Dan|🔒 Z-Moves, Dynamax, Terastallization are locked until the story gives Slime Queen Samantha the item; the battle won't allow them.\n|c|☆Officer Dan|Your Showdown team must match your box: only Pokémon y\n|c|☆Officer Dan|Let's see what you've got!\n|\n|t:|1790007517\n|teamsize|p1|2\n|teamsize|p2|1\n|start\n|switch|p1a: Castform|Castform, L13|100/100\n|switch|p2a: Chikorita|Chikorita, L13|100/100\n|turn|1\n|\n|t:|1790007523\n|move|p1a: Castform|Ember|p2a: Chikorita\n|-supereffective|p2a: Chikorita\n|-damage|p2a: Chikorita|74/100\n|move|p2a: Chikorita|Curse|p2a: Chikorita\n|-unboost|p2a: Chikorita|spe|1\n|-boost|p2a: Chikorita|atk|1\n|-boost|p2a: Chikorita|def|1\n|\n|upkeep\n|turn|2\n|\n|t:|1790007533\n|move|p1a: Castform|Ember|p2a: Chikorita\n|-supereffective|p2a: Chikorita\n|-damage|p2a: Chikorita|53/100\n|move|p2a: Chikorita|Seed Bomb|p1a: Castform\n|-damage|p1a: Castform|70/100\n|\n|upkeep\n|turn|3\n|\n|t:|1790007541\n|move|p1a: Castform|Tackle|p2a: Chikorita\n|-damage|p2a: Chikorita|37/100\n|move|p2a: Chikorita|Synthesis|p2a: Chikorita\n|-heal|p2a: Chikorita|87/100\n|\n|upkeep\n|turn|4\n|\n|t:|1790007547\n|move|p1a: Castform|Water Gun|p2a: Chikorita\n|-resisted|p2a: Chikorita\n|-damage|p2a: Chikorita|83/100\n|move|p2a: Chikorita|Leech Seed|p1a: Castform|[miss]\n|-miss|p2a: Chikorita|p1a: Castform\n|\n|upkeep\n|turn|5\n|\n|t:|1790007550\n|move|p1a: Castform|Ember|p2a: Chikorita\n|-supereffective|p2a: Chikorita\n|-crit|p2a: Chikorita\n|-damage|p2a: Chikorita|48/100\n|move|p2a: Chikorita|Curse|p2a: Chikorita\n|-unboost|p2a: Chikorita|spe|1\n|-boost|p2a: Chikorita|atk|1\n|-boost|p2a: Chikorita|def|1\n|\n|upkeep\n|turn|6\n|\n|t:|1790007554\n|move|p1a: Castform|Ember|p2a: Chikorita\n|-supereffective|p2a: Chikorita\n|-damage|p2a: Chikorita|27/100\n|-status|p2a: Chikorita|brn\n|move|p2a: Chikorita|Leech Seed|p1a: Castform\n|-start|p1a: Castform|move: Leech Seed\n|\n|-damage|p1a: Castform|58/100|[from] Leech Seed|[of] p2a: Chikorita\n|-heal|p2a: Chikorita|40/100 brn|[silent]\n|-damage|p2a: Chikorita|35/100 brn|[from] brn\n|upkeep\n|turn|7\n|\n|t:|1790007557\n|move|p1a: Castform|Powder Snow|p2a: Chikorita\n|-supereffective|p2a: Chikorita\n|-damage|p2a: Chikorita|14/100 brn\n|move|p2a: Chikorita|Synthesis|p2a: Chikorita\n|-heal|p2a: Chikorita|64/100 brn\n|\n|-damage|p1a: Castform|46/100|[from] Leech Seed|[of] p2a: Chikorita\n|-heal|p2a: Chikorita|77/100 brn|[silent]\n|-damage|p2a: Chikorita|72/100 brn|[from] brn\n|upkeep\n|turn|8\n|\n|t:|1790007563\n|move|p1a: Castform|Tackle|p2a: Chikorita\n|-damage|p2a: Chikorita|59/100 brn\n|move|p2a: Chikorita|Curse|p2a: Chikorita\n|-unboost|p2a: Chikorita|spe|1\n|-boost|p2a: Chikorita|atk|1\n|-boost|p2a: Chikorita|def|1\n|\n|-damage|p1a: Castform|34/100|[from] Leech Seed|[of] p2a: Chikorita\n|-heal|p2a: Chikorita|72/100 brn|[silent]\n|-damage|p2a: Chikorita|68/100 brn|[from] brn\n|upkeep\n|turn|9\n|\n|t:|1790007567\n|move|p1a: Castform|Powder Snow|p2a: Chikorita\n|-supereffective|p2a: Chikorita\n|-damage|p2a: Chikorita|46/100 brn\n|move|p2a: Chikorita|Curse|p2a: Chikorita\n|-unboost|p2a: Chikorita|spe|1\n|-boost|p2a: Chikorita|atk|1\n|-boost|p2a: Chikorita|def|1\n|\n|-damage|p1a: Castform|22/100|[from] Leech Seed|[of] p2a: Chikorita\n|-heal|p2a: Chikorita|59/100 brn|[silent]\n|-damage|p2a: Chikorita|55/100 brn|[from] brn\n|upkeep\n|turn|10\n|\n|t:|1790007569\n|move|p1a: Castform|Ember|p2a: Chikorita\n|-supereffective|p2a: Chikorita\n|-damage|p2a: Chikorita|33/100 brn\n|move|p2a: Chikorita|Synthesis|p2a: Chikorita\n|-heal|p2a: Chikorita|83/100 brn\n|\n|-damage|p1a: Castform|10/100|[from] Leech Seed|[of] p2a: Chikorita\n|-heal|p2a: Chikorita|96/100 brn|[silent]\n|-damage|p2a: Chikorita|92/100 brn|[from] brn\n|upkeep\n|turn|11\n|\n|t:|1790007572\n|move|p1a: Castform|Powder Snow|p2a: Chikorita\n|-supereffective|p2a: Chikorita\n|-damage|p2a: Chikorita|70/100 brn\n|move|p2a: Chikorita|Curse|p2a: Chikorita\n|-unboost|p2a: Chikorita|spe|1\n|-boost|p2a: Chikorita|atk|1\n|-boost|p2a: Chikorita|def|1\n|\n|-damage|p1a: Castform|0 fnt|[from] Leech Seed|[of] p2a: Chikorita\n|-heal|p2a: Chikorita|81/100 brn|[silent]\n|faint|p1a: Castform\n|-damage|p2a: Chikorita|77/100 brn|[from] brn\n|upkeep\n|\n|t:|1790007572\n|switch|p1a: Yungoos|Yungoos, L9|100/100\n|turn|12\n|\n|t:|1790007574\n|move|p1a: Yungoos|Tackle|p2a: Chikorita\n|-damage|p2a: Chikorita|70/100 brn\n|move|p2a: Chikorita|Seed Bomb|p1a: Yungoos\n|-damage|p1a: Yungoos|0 fnt\n|faint|p1a: Yungoos\n|\n|win|SlimeQueenSamantha\n",
	"inputlog": ">start {\"formatid\":\"gen9rpbattle\",\"seed\":\"sodium,ccea12cbe951647a2172c0bd4c2a01c0\"}\n>player p1 {\"name\":\"Officer Dan\",\"avatar\":\"policeman-gen4\",\"team\":\"Yungoos|||Stakeout|Tackle,Payback,Leer|Careful|252,252,252,252,252,252|N|8,8,8,8,8,8||9|,,,,,Normal]Castform|||Forecast|Tackle,Ember,PowderSnow,WaterGun|Sassy|252,252,252,252,252,252|N|8,8,8,8,8,8||13|,,,,,Normal\",\"rating\":0}\n>player p2 {\"name\":\"SlimeQueenSamantha\",\"avatar\":\"queen.png\",\"team\":\"Chikorita|||Overgrow|SeedBomb,Synthesis,Curse,LeechSeed|Careful|252,4,,,252,|N|||13|,,,,,Grass\",\"rating\":0}\n>chat ☆Officer Dan|⚠️ Slime Queen Samantha can't use held items (they unlock with your first badge) yet (not blocked, so just don't).\n>chat ☆Officer Dan|🔒 Z-Moves, Dynamax, Terastallization are locked until the story gives Slime Queen Samantha the item; the battle won't allow them.\n>chat ☆Officer Dan|Your Showdown team must match your box: only Pokémon y\n>chat ☆Officer Dan|Let's see what you've got!\n>p1 team 2, 1\n>p2 team 1\n>p1 move ember\n>p2 move curse\n>p1 move ember\n>p2 move seedbomb\n>p1 move tackle\n>p2 move synthesis\n>p1 move watergun\n>p2 move leechseed\n>p1 move ember\n>p2 move curse\n>p1 move ember\n>p2 move leechseed\n>p1 move powdersnow\n>p2 move synthesis\n>p1 move tackle\n>p2 move curse\n>p1 move powdersnow\n>p2 move curse\n>p1 move ember\n>p2 move synthesis\n>p1 move powdersnow\n>p2 move curse\n>p1 switch 2\n>p1 move tackle\n>p2 move seedbomb",
	"uploadtime": 1790007574
}