{
	"id": "gen9rpou-4-tlj24k",
	"format": "[Gen 9] RP OU",
	"players": [
		"TheRealWhimsicott",
		"Velvet Bunny"
	],
	"rating": null,
	"log": "|j|☆TheRealWhimsicott\n|j|☆Velvet Bunny\n|t:|1789682690\n|gametype|singles\n|player|p1|TheRealWhimsicott|1|\n|player|p2|Velvet Bunny|bunny.png|\n|gen|9\n|tier|[Gen 9] RP OU\n|rule|HP Percentage Mod: HP is shown in percentages\n|rule|Endless Battle Clause: Forcing endless battles is banned\n|rule|Species Clause: Limit one of each Pokémon\n|rule|OHKO Clause: OHKO moves are banned\n|rule|Evasion Clause: Evasion abilities, items, and moves are banned\n|rule|Evasion Abilities Clause: Evasion abilities are banned\n|rule|Evasion Items Clause: Evasion items are banned\n|rule|Evasion Moves Clause: Evasion moves are banned\n|rule|Sleep Clause Mod: Limit one foe put to sleep\n|clearpoke\n|poke|p1|Kingambit|\n|poke|p1|Haxorus|\n|poke|p1|Torterra|\n|poke|p1|Glaceon|\n|poke|p1|Gyarados|\n|poke|p1|Garganacl|\n|poke|p2|Swampert|\n|poke|p2|Enamorus-Therian|\n|poke|p2|Cinderace|\n|poke|p2|Lucario|\n|poke|p2|Corviknight|\n|poke|p2|Spiritomb|\n|teampreview\n|c|☆Velvet Bunny|Good luck! Playing on **stockfish**. (PM me to change it.)\n|\n|t:|1789682700\n|teamsize|p1|6\n|teamsize|p2|6\n|start\n|switch|p1a: Gyarados|Gyarados|100/100\n|switch|p2a: Lucario|Lucario|100/100\n|-ability|p1a: Gyarados|Intimidate|boost\n|-fail|p2a: Lucario|unboost|Attack|[from] ability: Inner Focus|[of] p2a: Lucario\n|turn|1\n|\n|t:|1789682704\n|detailschange|p1a: Gyarados|Gyarados-Mega\n|-mega|p1a: Gyarados|Gyarados|Gyaradosite\n|-ability|p1a: Gyarados|Mold Breaker\n|move|p2a: Lucario|Focus Blast|p1a: Gyarados\n|-supereffective|p1a: Gyarados\n|-damage|p1a: Gyarados|8/100\n|-unboost|p1a: Gyarados|spd|1\n|move|p1a: Gyarados|Dragon Dance|p1a: Gyarados\n|-boost|p1a: Gyarados|atk|1\n|-boost|p1a: Gyarados|spe|1\n|\n|upkeep\n|turn|2\n|\n|t:|1789682713\n|-terastallize|p2a: Lucario|Fighting\n|move|p1a: Gyarados|Earthquake|p2a: Lucario\n|-enditem|p2a: Lucario|Focus Sash\n|-damage|p2a: Lucario|1/100\n|move|p2a: Lucario|Focus Blast|p1a: Gyarados\n|-supereffective|p1a: Gyarados\n|-damage|p1a: Gyarados|0 fnt\n|faint|p1a: Gyarados\n|detailschange|p1: Gyarados|Gyarados|[silent]\n|\n|upkeep\n|\n|t:|1789682730\n|switch|p1a: Haxorus|Haxorus|100/100\n|-ability|p1a: Haxorus|Mold Breaker\n|turn|3\n|\n|t:|1789682731\n|switch|p2a: Enamorus|Enamorus-Therian|100/100\n|move|p1a: Haxorus|Hone Claws|p1a: Haxorus\n|-boost|p1a: Haxorus|atk|1\n|-boost|p1a: Haxorus|accuracy|1\n|\n|upkeep\n|turn|4\n|\n|t:|1789682742\n|switch|p1a: Glaceon|Glaceon|100/100\n|-weather|Snowscape|[from] ability: Diamond Dust|[of] p1a: Glaceon\n|-start|p2a: Enamorus|Dynamax|\n|-heal|p2a: Enamorus|100/100|[silent]\n|move|p2a: Enamorus|Max Starfall|p1a: Glaceon\n|-damage|p1a: Glaceon|22/100\n|-fieldstart|move: Misty Terrain\n|\n|-weather|Snowscape|[upkeep]\n|upkeep\n|turn|5\n|\n|t:|1789682754\n|move|p1a: Glaceon|Blizzard|p2a: Enamorus\n|-supereffective|p2a: Enamorus\n|-damage|p2a: Enamorus|14/100\n|-status|p2a: Enamorus|frz\n|cant|p2a: Enamorus|frz\n|\n|-weather|Snowscape|[upkeep]\n|-heal|p2a: Enamorus|17/100 frz|[from] item: Leftovers\n|upkeep\n|turn|6\n|\n|t:|1789682757\n|move|p1a: Glaceon|Blizzard|p2a: Enamorus\n|-supereffective|p2a: Enamorus\n|-damage|p2a: Enamorus|0 fnt\n|faint|p2a: Enamorus\n|\n|-weather|Snowscape|[upkeep]\n|upkeep\n|\n|t:|1789682758\n|switch|p2a: Cinderace|Cinderace|100/100\n|turn|7\n|\n|t:|1789682761\n|move|p1a: Glaceon|Blizzard|p2a: Cinderace\n|-resisted|p2a: Cinderace\n|-damage|p2a: Cinderace|44/100\n|move|p2a: Cinderace|Pyro Ball|p1a: Glaceon\n|-supereffective|p1a: Glaceon\n|-damage|p1a: Glaceon|0 fnt\n|faint|p1a: Glaceon\n|\n|-weather|Snowscape|[upkeep]\n|upkeep\n|\n|t:|1789682765\n|switch|p1a: Haxorus|Haxorus|100/100\n|-ability|p1a: Haxorus|Mold Breaker\n|turn|8\n|\n|t:|1789682766\n|switch|p2a: Corviknight|Corviknight|100/100\n|move|p1a: Haxorus|Hone Claws|p1a: Haxorus\n|-boost|p1a: Haxorus|atk|1\n|-boost|p1a: Haxorus|accuracy|1\n|\n|-weather|none\n|-fieldend|Misty Terrain\n|upkeep\n|turn|9\n|\n|t:|1789682770\n|switch|p1a: Torterra|Torterra|100/100\n|move|p2a: Corviknight|Body Press|p1a: Torterra\n|-damage|p1a: Torterra|78/100\n|\n|-heal|p1a: Torterra|84/100|[from] item: Leftovers\n|upkeep\n|turn|10\n|\n|t:|1789682773\n|move|p2a: Corviknight|U-turn|p1a: Torterra\n|-supereffective|p1a: Torterra\n|-damage|p1a: Torterra|66/100\n|\n|t:|1789682773\n|switch|p2a: Spiritomb|Spiritomb|100/100|[from] U-turn\n|move|p1a: Torterra|Tectonic Shell|p1a: Torterra\n|-heal|p1a: Torterra|100/100\n|-sidestart|p2: Velvet Bunny|move: Stealth Rock\n|\n|upkeep\n|turn|11\n|\n|t:|1789682794\n|move|p1a: Torterra|Elder Timber|p2a: Spiritomb\n|-damage|p2a: Spiritomb|39/100\n|move|p2a: Spiritomb|Will-O-Wisp|p1a: Torterra|[miss]\n|-miss|p2a: Spiritomb|p1a: Torterra\n|\n|-heal|p2a: Spiritomb|45/100|[from] item: Leftovers\n|upkeep\n|turn|12\n|\n|t:|1789682796\n|switch|p2a: Corviknight|Corviknight|100/100\n|-damage|p2a: Corviknight|88/100|[from] Stealth Rock\n|move|p1a: Torterra|Elder Timber|p2a: Corviknight\n|-resisted|p2a: Corviknight\n|-damage|p2a: Corviknight|76/100\n|\n|-heal|p2a: Corviknight|82/100|[from] item: Leftovers\n|upkeep\n|turn|13\n|\n|t:|1789682799\n|move|p2a: Corviknight|Defog|p1a: Torterra\n|-unboost|p1a: Torterra|evasion|1\n|-sideend|p2: Velvet Bunny|Stealth Rock|[from] move: Defog|[of] p2a: Corviknight\n|move|p1a: Torterra|Tectonic Shell|p1a: Torterra\n|-fail|p1a: Torterra|heal\n|-sidestart|p2: Velvet Bunny|move: Stealth Rock\n|\n|-heal|p2a: Corviknight|88/100|[from] item: Leftovers\n|upkeep\n|turn|14\n|\n|t:|1789682800\n|move|p2a: Corviknight|Defog|p1a: Torterra\n|-unboost|p1a: Torterra|evasion|1\n|-sideend|p2: Velvet Bunny|Stealth Rock|[from] move: Defog|[of] p2a: Corviknight\n|move|p1a: Torterra|Tectonic Shell|p1a: Torterra\n|-fail|p1a: Torterra|heal\n|-sidestart|p2: Velvet Bunny|move: Stealth Rock\n|\n|-heal|p2a: Corviknight|94/100|[from] item: Leftovers\n|upkeep\n|turn|15\n|\n|t:|1789682801\n|move|p2a: Corviknight|Defog|p1a: Torterra\n|-unboost|p1a: Torterra|evasion|1\n|-sideend|p2: Velvet Bunny|Stealth Rock|[from] move: Defog|[of] p2a: Corviknight\n|move|p1a: Torterra|Tectonic Shell|p1a: Torterra\n|-fail|p1a: Torterra|heal\n|-sidestart|p2: Velvet Bunny|move: Stealth Rock\n|\n|-heal|p2a: Corviknight|99/100|[from] item: Leftovers\n|upkeep\n|turn|16\n|\n|t:|1789682809\n|switch|p1a: Kingambit|Kingambit|100/100\n|move|p2a: Corviknight|Defog|p1a: Kingambit\n|-unboost|p1a: Kingambit|evasion|1\n|-ability|p1a: Kingambit|Defiant|boost\n|-boost|p1a: Kingambit|atk|2\n|-sideend|p2: Velvet Bunny|Stealth Rock|[from] move: Defog|[of] p2a: Corviknight\n|\n|-heal|p2a: Corviknight|100/100|[from] item: Leftovers\n|upkeep\n|turn|17\n|\n|t:|1789682811\n|move|p2a: Corviknight|Body Press|p1a: Kingambit\n|-supereffective|p1a: Kingambit\n|-damage|p1a: Kingambit|19/100\n|move|p1a: Kingambit|Swords Dance|p1a: Kingambit\n|-boost|p1a: Kingambit|atk|2\n|\n|upkeep\n|turn|18\n|\n|t:|1789682815\n|-terastallize|p1a: Kingambit|Dark\n|move|p1a: Kingambit|Sucker Punch|p2a: Corviknight\n|-crit|p2a: Corviknight\n|-damage|p2a: Corviknight|0 fnt\n|faint|p2a: Corviknight\n|\n|upkeep\n|\n|t:|1789682815\n|switch|p2a: Swampert|Swampert|100/100\n|turn|19\n|\n|t:|1789682820\n|move|p1a: Kingambit|Sucker Punch|p2a: Swampert\n|-damage|p2a: Swampert|0 fnt\n|faint|p2a: Swampert\n|\n|upkeep\n|\n|t:|1789682820\n|switch|p2a: Cinderace|Cinderace|44/100\n|turn|20\n|\n|t:|1789682822\n|move|p1a: Kingambit|Sucker Punch|p2a: Cinderace\n|-damage|p2a: Cinderace|0 fnt\n|faint|p2a: Cinderace\n|\n|upkeep\n|\n|t:|1789682822\n|switch|p2a: Spiritomb|Spiritomb|45/100\n|turn|21\n|\n|t:|1789682823\n|move|p1a: Kingambit|Sucker Punch|p2a: Spiritomb\n|-ability|p2a: Spiritomb|Keystone Legion\n|-message|The spirits of the keystone shield Spiritomb!\n|-start|p1a: Kingambit|Curse|[of] p2a: Spiritomb\n|-damage|p2a: Spiritomb|1/100\n|move|p2a: Spiritomb|Soul Toll|p1a: Kingambit\n|-resisted|p1a: Kingambit\n|-damage|p1a: Kingambit|0 fnt\n|-heal|p2a: Spiritomb|11/100|[from] drain|[of] p1a: Kingambit\n|faint|p1a: Kingambit\n|-message|A soul joins the legion. Spiritomb's keystone mends!\n|\n|-heal|p2a: Spiritomb|17/100|[from] item: Leftovers\n|upkeep\n|\n|t:|1789682829\n|switch|p1a: Haxorus|Haxorus|100/100\n|-ability|p1a: Haxorus|Mold Breaker\n|turn|22\n|\n|t:|1789682832\n|move|p1a: Haxorus|Hone Claws|p1a: Haxorus\n|-boost|p1a: Haxorus|atk|1\n|-boost|p1a: Haxorus|accuracy|1\n|move|p2a: Spiritomb|Soul Toll|p1a: Haxorus\n|-damage|p1a: Haxorus|55/100\n|\n|-heal|p1a: Haxorus|61/100|[from] item: Leftovers\n|-heal|p2a: Spiritomb|23/100|[from] item: Leftovers\n|upkeep\n|turn|23\n|\n|t:|1789682833\n|move|p1a: Haxorus|Scale Shot|p2a: Spiritomb\n|-damage|p2a: Spiritomb|6/100\n|-damage|p2a: Spiritomb|0 fnt\n|faint|p2a: Spiritomb\n|-hitcount|p2: Spiritomb|2\n|-unboost|p1a: Haxorus|def|1\n|-boost|p1a: Haxorus|spe|1\n|\n|-heal|p1a: Haxorus|67/100|[from] item: Leftovers\n|upkeep\n|\n|t:|1789682833\n|switch|p2a: Lucario|Lucario, tera:Fighting|1/100\n|turn|24\n|\n|t:|1789682838\n|move|p1a: Haxorus|Scale Shot|p2a: Lucario\n|-damage|p2a: Lucario|0 fnt\n|faint|p2a: Lucario\n|-hitcount|p2: Lucario|1\n|\n|win|TheRealWhimsicott\n",
	"inputlog": ">start {\"formatid\":\"gen9rpou\",\"seed\":\"sodium,58635ce309a8c5fddca40afccaed1c5e\"}\n>player p1 {\"name\":\"TheRealWhimsicott\",\"avatar\":\"1\",\"team\":\"Kingambit||BlackGlasses|Defiant|KnockOff,Pursuit,SuckerPunch,SwordsDance|Adamant|252,252,,,4,|N||||,,,,,Dark]Haxorus||Leftovers|MoldBreaker|HoneClaws,ScaleShot,Earthquake,IronHead|Jolly|4,252,,,,252|N||||,,,,,Steel]Torterra||Leftovers|WorldTurtle|TectonicShell,HeadlongRush,RapidSpin,ElderTimber|Adamant|252,252,,,4,|N||||,,,,,Ghost]Glaceon||ChoiceSpecs|DiamondDust|EarthPower,Recover,FocusBlast,Blizzard|Modest|,,,252,4,252|N|,0,,,,|||,,,,,Ice]Gyarados||Gyaradosite|Intimidate|DragonDance,Earthquake,Waterfall,Crunch|Adamant|4,252,,,,252|N||||,,,,,Water]Garganacl||Leftovers|PurifyingSalt|Curse,SaltCure,BodyPress,Recover|Impish|252,4,252,,,|N||||,,,,,Ghost\",\"rating\":0}\n>player p2 {\"name\":\"Velvet Bunny\",\"avatar\":\"bunny.png\",\"team\":\"Swampert||Leftovers|Torrent|StealthRock,Surf,EarthPower,Earthquake|Sassy|252,,4,,252,|N||||,,,,,Fairy]Enamorus|EnamorusTherian|Leftovers|Overcoat|CalmMind,DrainingKiss,EarthPower,Taunt|Modest|248,,8,252,,|N||||,,,,,Ground]Cinderace||HeavyDutyBoots|Blaze|PyroBall,Uturn,CourtChange,WillOWisp|Jolly|224,32,,,,252|N||||,,,G,,Flying]Lucario||FocusSash|InnerFocus|AuraSphere,FlashCannon,FocusBlast,ShuffleJab|Timid|4,,,252,,252|N||||,,,,,Fighting]Corviknight||Leftovers|MirrorArmor|BodyPress,Defog,Uturn,Roost|Impish|248,,252,,8,|N||||,,,,,Fighting]Spiritomb||Leftovers|KeystoneLegion|SoulToll,StrengthSap,WillOWisp,PartingShot|Calm|252,,4,,252,|N||||,,,,,Fairy\",\"rating\":0}\n>chat ☆Velvet Bunny|Good luck! Playing on **stockfish**. (PM me to change it.)\n>p1 team 5, 2, 3, 4, 1, 6\n>p2 team 4, 3, 5, 1, 2, 6\n>p1 move dragondance mega\n>p2 move focusblast\n>p1 move earthquake\n>p2 move focusblast terastallize\n>p1 switch 2\n>p1 move honeclaws\n>p2 switch 5\n>p1 switch 4\n>p2 move drainingkiss dynamax\n>p1 move blizzard\n>p2 move drainingkiss dynamax\n>p1 move blizzard\n>p2 move drainingkiss dynamax\n>p2 switch 2\n>p1 move blizzard\n>p2 move pyroball\n>p1 switch 4\n>p1 move honeclaws\n>p2 switch 3\n>p1 switch 3\n>p2 move bodypress\n>p1 move tectonicshell\n>p2 move uturn\n>p2 switch 6\n>p1 move eldertimber\n>p2 move willowisp\n>p1 move eldertimber\n>p2 switch 6\n>p1 move tectonicshell\n>p2 move defog\n>p1 move tectonicshell\n>p2 move defog\n>p1 move tectonicshell\n>p2 move defog\n>p1 switch 5\n>p2 move defog\n>p1 move swordsdance\n>p2 move bodypress\n>p1 move suckerpunch terastallize\n>p2 move bodypress\n>p2 switch 4\n>p1 move suckerpunch\n>p2 move earthquake\n>p2 switch 3\n>p1 move suckerpunch\n>p2 move pyroball\n>p2 switch 6\n>p1 move suckerpunch\n>p2 move soultoll\n>p1 switch 3\n>p1 move honeclaws\n>p2 move soultoll\n>p1 move scaleshot\n>p2 move soultoll\n>p2 switch 5\n>p1 move scaleshot\n>p2 move focusblast",
	"uploadtime": 1789682838
}