{
	"id": "gen9rpou-4-tm80p7",
	"format": "[Gen 9] RP OU",
	"players": [
		"SlimeQueenSamantha",
		"Bunny Stockfish"
	],
	"rating": null,
	"log": "|j|☆SlimeQueenSamantha\n|j|☆Bunny Stockfish\n|t:|1790845490\n|gametype|singles\n|badge|p1|silver|gen9rpou|2-2\n|badge|p2|bronze|gen9rpou|3-3\n|player|p1|SlimeQueenSamantha|queen.png|1476\n|player|p2|Bunny Stockfish|bunny.png|1397\n|gen|9\n|tier|[Gen 9] RP OU\n|rated|\n|rule|HP Percentage Mod: HP is shown in percentages\n|rule|Endless Battle Clause: Forcing endless battles is banned\n|rule|Species Clause: Limit one of each Pokémon\n|rule|OHKO Clause: OHKO moves are banned\n|rule|Evasion Clause: Evasion abilities, items, and moves are banned\n|rule|Evasion Abilities Clause: Evasion abilities are banned\n|rule|Evasion Items Clause: Evasion items are banned\n|rule|Evasion Moves Clause: Evasion moves are banned\n|rule|Sleep Clause Mod: Limit one foe put to sleep\n|clearpoke\n|poke|p1|Gouging Fire|\n|poke|p1|Torkoal|\n|poke|p1|Infernape|\n|poke|p1|Leafeon|\n|poke|p1|Landorus-Therian|\n|poke|p1|Walking Wake|\n|poke|p2|Diancie|\n|poke|p2|Kingambit|\n|poke|p2|Gyarados|\n|poke|p2|Flareon|\n|poke|p2|Tapu Koko|\n|poke|p2|Mamoswine|\n|teampreview\n|c|☆Bunny Stockfish|Good luck! Playing on **stockfish**.\n|\n|t:|1790845494\n|teamsize|p1|6\n|teamsize|p2|6\n|start\n|switch|p1a: Leafeon|Leafeon|100/100\n|switch|p2a: Diancie|Diancie|100/100\n|-weather|SunnyDay|[from] ability: Solstice|[of] p1a: Leafeon\n|turn|1\n|\n|t:|1790845497\n|detailschange|p2a: Diancie|Diancie-Mega\n|-mega|p2a: Diancie|Diancie|Diancite\n|move|p1a: Leafeon|Leaf Blade|p2a: Diancie\n|-enditem|p1a: Leafeon|Grass Gem|[from] gem\n|-supereffective|p2a: Diancie\n|-damage|p2a: Diancie|0 fnt\n|faint|p2a: Diancie\n|detailschange|p2: Diancie|Diancie|[silent]\n|\n|-weather|SunnyDay|[upkeep]\n|upkeep\n|\n|t:|1790845498\n|switch|p2a: Flareon|Flareon|100/100\n|-status|p2a: Flareon|brn|[from] ability: Kindled Fury|[of] p2a: Flareon\n|turn|2\n|\n|t:|1790845504\n|-start|p2a: Flareon|Dynamax|\n|-heal|p2a: Flareon|100/100 brn|[silent]\n|move|p1a: Leafeon|Earthquake|p2a: Flareon\n|-supereffective|p2a: Flareon\n|-damage|p2a: Flareon|44/100 brn\n|move|p2a: Flareon|Max Flare|p1a: Leafeon\n|-supereffective|p1a: Leafeon\n|-damage|p1a: Leafeon|0 fnt\n|faint|p1a: Leafeon\n|\n|-weather|SunnyDay|[upkeep]\n|-damage|p2a: Flareon|41/100 brn|[from] brn\n|-ability|p2a: Flareon|Kindled Fury|boost\n|-boost|p2a: Flareon|spe|1\n|upkeep\n|\n|t:|1790845511\n|switch|p1a: Infernape|Infernape|100/100\n|turn|3\n|\n|t:|1790845513\n|-start|p1a: Infernape|Dynamax|\n|-heal|p1a: Infernape|100/100|[silent]\n|move|p1a: Infernape|Max Knuckle|p2a: Flareon\n|-damage|p2a: Flareon|0 fnt\n|-boost|p1a: Infernape|atk|1\n|faint|p2a: Flareon\n|\n|-weather|SunnyDay|[upkeep]\n|upkeep\n|\n|t:|1790845514\n|switch|p2a: Mamoswine|Mamoswine|100/100\n|turn|4\n|\n|t:|1790845520\n|switch|p2a: Gyarados|Gyarados|100/100\n|-ability|p2a: Gyarados|Intimidate|boost\n|-unboost|p1a: Infernape|atk|1\n|move|p1a: Infernape|Max Knuckle|p2a: Gyarados\n|-resisted|p2a: Gyarados\n|-damage|p2a: Gyarados|77/100\n|-boost|p1a: Infernape|atk|1\n|\n|-weather|SunnyDay|[upkeep]\n|upkeep\n|turn|5\n|\n|t:|1790845524\n|move|p1a: Infernape|Max Hailstorm|p2a: Gyarados\n|-damage|p2a: Gyarados|28/100\n|-weather|Snowscape\n|move|p2a: Gyarados|Wave Charge|p1a: Infernape\n|-supereffective|p1a: Infernape\n|-crit|p1a: Infernape\n|-damage|p1a: Infernape|21/100\n|-boost|p2a: Gyarados|spe|1\n|\n|-weather|Snowscape|[upkeep]\n|upkeep\n|-end|p1a: Infernape|Dynamax\n|-heal|p1a: Infernape|21/100|[silent]\n|turn|6\n|\n|t:|1790845529\n|move|p1a: Infernape|Ice Punch|p2a: Gyarados\n|-damage|p2a: Gyarados|0 fnt\n|faint|p2a: Gyarados\n|\n|-weather|Snowscape|[upkeep]\n|upkeep\n|\n|t:|1790845530\n|switch|p2a: Mamoswine|Mamoswine|100/100\n|turn|7\n|\n|t:|1790845532\n|-terastallize|p2a: Mamoswine|Ghost\n|move|p2a: Mamoswine|Ice Shard|p1a: Infernape\n|-resisted|p1a: Infernape\n|-damage|p1a: Infernape|0 fnt\n|faint|p1a: Infernape\n|\n|-weather|Snowscape|[upkeep]\n|upkeep\n|\n|t:|1790845541\n|switch|p1a: Torkoal|Torkoal|100/100\n|-weather|SunnyDay|[from] ability: Drought|[of] p1a: Torkoal\n|turn|8\n|\n|t:|1790845544\n|-terastallize|p1a: Torkoal|Dragon\n|move|p2a: Mamoswine|Ice Shard|p1a: Torkoal\n|-supereffective|p1a: Torkoal\n|-damage|p1a: Torkoal|64/100\n|move|p1a: Torkoal|Stealth Rock|p2a: Mamoswine\n|-sidestart|p2: Bunny Stockfish|move: Stealth Rock\n|\n|-weather|SunnyDay|[upkeep]\n|upkeep\n|turn|9\n|\n|t:|1790845552\n|switch|p1a: Gouging Fire|Gouging Fire|100/100\n|-activate|p1a: Gouging Fire|ability: Protosynthesis\n|-start|p1a: Gouging Fire|protosynthesisatk\n|move|p2a: Mamoswine|Ice Shard|p1a: Gouging Fire\n|-damage|p1a: Gouging Fire|71/100\n|\n|-weather|SunnyDay|[upkeep]\n|upkeep\n|turn|10\n|\n|t:|1790845558\n|move|p2a: Mamoswine|Ice Shard|p1a: Gouging Fire\n|-damage|p1a: Gouging Fire|42/100\n|move|p1a: Gouging Fire|Dragon Dance|p1a: Gouging Fire\n|-boost|p1a: Gouging Fire|atk|1\n|-boost|p1a: Gouging Fire|spe|1\n|\n|-weather|SunnyDay|[upkeep]\n|upkeep\n|turn|11\n|\n|t:|1790845560\n|switch|p2a: Kingambit|Kingambit|100/100\n|-damage|p2a: Kingambit|94/100|[from] Stealth Rock\n|-activate|p2a: Kingambit|ability: Supreme Overlord\n|-start|p2a: Kingambit|fallen3|[silent]\n|-item|p2a: Kingambit|Air Balloon\n|move|p1a: Gouging Fire|Morning Sun|p1a: Gouging Fire\n|-heal|p1a: Gouging Fire|100/100\n|\n|-weather|SunnyDay|[upkeep]\n|upkeep\n|turn|12\n|\n|t:|1790845563\n|move|p1a: Gouging Fire|Heat Crash|p2a: Kingambit\n|-supereffective|p2a: Kingambit\n|-damage|p2a: Kingambit|0 fnt\n|-enditem|p2a: Kingambit|Air Balloon\n|faint|p2a: Kingambit\n|-end|p2a: Kingambit|fallen3|[silent]\n|\n|-weather|SunnyDay|[upkeep]\n|upkeep\n|\n|t:|1790845563\n|switch|p2a: Tapu Koko|Tapu Koko|100/100\n|-damage|p2a: Tapu Koko|88/100|[from] Stealth Rock\n|-fieldstart|move: Electric Terrain|[from] ability: Electric Surge|[of] p2a: Tapu Koko\n|turn|13\n|\n|t:|1790845565\n|move|p1a: Gouging Fire|Earthquake|p2a: Tapu Koko\n|-supereffective|p2a: Tapu Koko\n|-damage|p2a: Tapu Koko|0 fnt\n|faint|p2a: Tapu Koko\n|\n|-weather|SunnyDay|[upkeep]\n|upkeep\n|\n|t:|1790845565\n|switch|p2a: Mamoswine|Mamoswine, tera:Ghost|100/100\n|-damage|p2a: Mamoswine|88/100|[from] Stealth Rock\n|turn|14\n|\n|t:|1790845567\n|move|p1a: Gouging Fire|Earthquake|p2a: Mamoswine\n|-damage|p2a: Mamoswine|19/100\n|move|p2a: Mamoswine|Earthquake|p1a: Gouging Fire\n|-supereffective|p1a: Gouging Fire\n|-damage|p1a: Gouging Fire|0 fnt\n|faint|p1a: Gouging Fire\n|-end|p1a: Gouging Fire|Protosynthesis|[silent]\n|\n|-weather|SunnyDay|[upkeep]\n|upkeep\n|\n|t:|1790845571\n|switch|p1a: Walking Wake|Walking Wake|100/100\n|-activate|p1a: Walking Wake|ability: Protosynthesis\n|-start|p1a: Walking Wake|protosynthesisspe\n|turn|15\n|\n|t:|1790845573\n|move|p1a: Walking Wake|Hydro Steam|p2a: Mamoswine\n|-damage|p2a: Mamoswine|0 fnt\n|faint|p2a: Mamoswine\n|\n|win|SlimeQueenSamantha\n",
	"inputlog": ">start {\"formatid\":\"gen9rpou\",\"seed\":\"sodium,ee3af00964079a03d55aefb3e323a395\",\"rated\":\"Rated battle\"}\n>player p1 {\"name\":\"SlimeQueenSamantha\",\"avatar\":\"queen.png\",\"team\":\"Gouging Fire||HeavyDutyBoots|Protosynthesis|HeatCrash,Earthquake,DragonDance,MorningSun|Jolly|,252,,,4,252|N||||,,,,,Fairy]Torkoal||HeatRock|Drought|LavaPlume,RapidSpin,StealthRock,WillOWisp|Bold|248,,252,,8,|N||||,,,,,Dragon]Infernape||HeavyDutyBoots|CrownofFlame|CloseCombat,FireBlast,IcePunch,Uturn|Hasty|,252,,4,,252|N||||,,,,,Fighting]Leafeon||GrassGem|Solstice|LeafBlade,Earthquake,SwordsDance,TeraBlast|Naive|,252,,4,,252|N||||,,,,,Fire]Landorus|LandorusTherian|Leftovers|Intimidate|Earthquake,Uturn,Defog,KnockOff|Careful|252,4,,,252,|N||||,,,,,Water]Walking Wake||ChoiceSpecs|Protosynthesis|HydroSteam,DracoMeteor,Flamethrower,DragonPulse|Timid|12,,,244,,252|N|,0,,,,|||,,,,,Water\",\"rating\":1476}\n>player p2 {\"name\":\"Bunny Stockfish\",\"avatar\":\"bunny.png\",\"team\":\"Diancie||Diancite|ClearBody|EarthPower,VelvetPress,StealthRock,MistyExplosion|Quiet|248,,4,252,4,|N|,0,,,,|||,,,,,Flying]Kingambit||AirBalloon|SupremeOverlord|SwordsDance,SuckerPunch,CarrionFeast,IronHead|Adamant|252,252,,,4,|N||||,,,,,Ghost]Gyarados||HeavyDutyBoots|Intimidate|WaveCharge,DragonDance,Earthquake,DragonTail|Impish|248,,144,,,116|N||||,,,,,Flying]Flareon||ChoiceBand|KindledFury|FlareBlitz,CloseCombat,TemperFlare,Facade|Adamant|,252,4,,,252|N||||,,,,,Normal]Tapu Koko||LifeOrb|ElectricSurge|UilaSurge,VelvetPress,CalmMind,SupercellSlam|Timid|,,,252,4,252|N|,0,,,,|||,,,,,Electric]Mamoswine||ChoiceBand|ThickFat|IcicleCrash,Earthquake,IceShard,RimeCleaver|Adamant|,252,4,,,252|N||||,,,,,Ghost\",\"rating\":1397}\n>chat ☆Bunny Stockfish|Good luck! Playing on **stockfish**.\n>p1 team 4, 2, 3, 1, 5, 6\n>p2 team 1, 5, 6, 4, 3, 2\n>p1 move leafblade\n>p2 move mistyexplosion mega\n>p2 switch 4\n>p1 move earthquake\n>p2 move flareblitz dynamax\n>p1 switch 3\n>p1 move closecombat dynamax\n>p2 move facade dynamax\n>p2 switch 3\n>p1 move closecombat dynamax\n>p2 switch 5\n>p1 move icepunch dynamax\n>p2 move wavecharge\n>p1 move icepunch\n>p2 move earthquake\n>p2 switch 5\n>p1 move closecombat\n>p2 move iceshard terastallize\n>p1 switch 2\n>p1 move stealthrock terastallize\n>p2 move iceshard\n>p1 switch 4\n>p2 move iceshard\n>p1 move dragondance\n>p2 move iceshard\n>p1 move morningsun\n>p2 switch 6\n>p1 move heatcrash\n>p2 move swordsdance\n>p2 switch 2\n>p1 move earthquake\n>p2 move calmmind\n>p2 switch 6\n>p1 move earthquake\n>p2 move earthquake\n>p1 switch 6\n>p1 move hydrosteam\n>p2 move earthquake",
	"uploadtime": 1790845573
}