{
	"id": "gen9rpou-6-tlj90j",
	"format": "[Gen 9] RP OU",
	"players": [
		"Bunny Stockfish",
		"TheRealWhimsicott"
	],
	"rating": null,
	"log": "|j|☆Bunny Stockfish\n|j|☆TheRealWhimsicott\n|t:|1789761681\n|gametype|singles\n|badge|p1|bronze|gen9rpou|3-3\n|badge|p2|silver|gen9rpou|2-2\n|player|p1|Bunny Stockfish|bunny.png|1332\n|player|p2|TheRealWhimsicott|266|1412\n|gen|9\n|tier|[Gen 9] RP OU\n|rated|\n|rule|HP Percentage Mod: HP is shown in percentages\n|rule|Endless Battle Clause: Forcing endless battles is banned\n|rule|Species Clause: Limit one of each Pokémon\n|rule|OHKO Clause: OHKO moves are banned\n|rule|Evasion Clause: Evasion abilities, items, and moves are banned\n|rule|Evasion Abilities Clause: Evasion abilities are banned\n|rule|Evasion Items Clause: Evasion items are banned\n|rule|Evasion Moves Clause: Evasion moves are banned\n|rule|Sleep Clause Mod: Limit one foe put to sleep\n|clearpoke\n|poke|p1|Slowking-Galar|\n|poke|p1|Clefable|\n|poke|p1|Lokix|\n|poke|p1|Rillaboom|\n|poke|p1|Simipour|\n|poke|p1|Spiritomb|\n|poke|p2|Kingambit|\n|poke|p2|Haxorus|\n|poke|p2|Pawmot|\n|poke|p2|Glaceon|\n|poke|p2|Tinkaton, F|\n|poke|p2|Corviknight|\n|teampreview\n|c|☆Bunny Stockfish|Good luck! Playing on **stockfish**.\n|\n|t:|1789761690\n|teamsize|p1|6\n|teamsize|p2|6\n|start\n|switch|p1a: Simipour|Simipour|100/100\n|switch|p2a: Tinkaton|Tinkaton, F|100/100\n|-weather|RainDance|[from] ability: Tidal Surge|[of] p1a: Simipour\n|-ability|p2a: Tinkaton|Mold Breaker\n|-item|p2a: Tinkaton|Air Balloon\n|turn|1\n|\n|t:|1789761692\n|-terastallize|p1a: Simipour|Water\n|-activate|p1a: Simipour|item: Elemental Banana\n|move|p1a: Simipour|Liquidation|p2a: Tinkaton\n|-damage|p2a: Tinkaton|0 fnt\n|-enditem|p2a: Tinkaton|Air Balloon\n|faint|p2a: Tinkaton\n|\n|-weather|RainDance|[upkeep]\n|upkeep\n|\n|t:|1789761699\n|switch|p2a: Glaceon|Glaceon|100/100\n|-weather|Snowscape|[from] ability: Diamond Dust|[of] p2a: Glaceon\n|turn|2\n|\n|t:|1789761703\n|move|p1a: Simipour|Liquidation|p2a: Glaceon\n|-damage|p2a: Glaceon|39/100\n|move|p2a: Glaceon|Freeze-Dry|p1a: Simipour\n|-supereffective|p1a: Simipour\n|-damage|p1a: Simipour|0 fnt\n|faint|p1a: Simipour\n|\n|-weather|Snowscape|[upkeep]\n|upkeep\n|\n|t:|1789761703\n|switch|p1a: Lokix|Lokix|100/100\n|turn|3\n|\n|t:|1789761709\n|switch|p2a: Corviknight|Corviknight|100/100\n|-ability|p2a: Corviknight|Pressure\n|-start|p1a: Lokix|Dynamax|\n|-heal|p1a: Lokix|100/100|[silent]\n|move|p1a: Lokix|Max Flutterby|p2a: Corviknight\n|-resisted|p2a: Corviknight\n|-damage|p2a: Corviknight|82/100\n|-unboost|p2a: Corviknight|spa|1\n|\n|-weather|Snowscape|[upkeep]\n|-heal|p2a: Corviknight|89/100|[from] item: Leftovers\n|upkeep\n|turn|4\n|\n|t:|1789761712\n|move|p2a: Corviknight|Protect|p2a: Corviknight\n|-singleturn|p2a: Corviknight|Protect\n|move|p1a: Lokix|Max Flutterby|p2a: Corviknight\n|-resisted|p2a: Corviknight\n|-zbroken|p2a: Corviknight\n|-damage|p2a: Corviknight|84/100\n|-unboost|p2a: Corviknight|spa|1\n|\n|-weather|Snowscape|[upkeep]\n|-heal|p2a: Corviknight|90/100|[from] item: Leftovers\n|upkeep\n|turn|5\n|\n|t:|1789761716\n|move|p1a: Lokix|Max Flutterby|p2a: Corviknight\n|-resisted|p2a: Corviknight\n|-damage|p2a: Corviknight|70/100\n|-unboost|p2a: Corviknight|spa|1\n|move|p2a: Corviknight|Roost|p2a: Corviknight\n|-heal|p2a: Corviknight|100/100\n|-singleturn|p2a: Corviknight|move: Roost\n|\n|-weather|Snowscape|[upkeep]\n|upkeep\n|-end|p1a: Lokix|Dynamax\n|-heal|p1a: Lokix|100/100|[silent]\n|turn|6\n|\n|t:|1789761718\n|move|p1a: Lokix|Leech Life|p2a: Corviknight\n|-resisted|p2a: Corviknight\n|-damage|p2a: Corviknight|83/100\n|move|p2a: Corviknight|U-turn|p1a: Lokix\n|-supereffective|p1a: Lokix\n|-damage|p1a: Lokix|61/100\n|\n|t:|1789761722\n|switch|p2a: Kingambit|Kingambit|100/100|[from] U-turn\n|-activate|p2a: Kingambit|ability: Supreme Overlord\n|-start|p2a: Kingambit|fallen1|[silent]\n|\n|-weather|none\n|upkeep\n|turn|7\n|\n|t:|1789761724\n|-end|p2a: Kingambit|fallen1|[silent]\n|switch|p2a: Corviknight|Corviknight|83/100\n|-ability|p2a: Corviknight|Pressure\n|move|p1a: Lokix|Leech Life|p2a: Corviknight\n|-resisted|p2a: Corviknight\n|-damage|p2a: Corviknight|65/100\n|-heal|p1a: Lokix|74/100|[from] drain|[of] p2a: Corviknight\n|\n|-heal|p2a: Corviknight|71/100|[from] item: Leftovers\n|upkeep\n|turn|8\n|\n|t:|1789761725\n|switch|p1a: Spiritomb|Spiritomb|100/100\n|move|p2a: Corviknight|U-turn|p1a: Spiritomb\n|-damage|p1a: Spiritomb|88/100\n|\n|t:|1789761731\n|switch|p2a: Kingambit|Kingambit|100/100|[from] U-turn\n|-activate|p2a: Kingambit|ability: Supreme Overlord\n|-start|p2a: Kingambit|fallen1|[silent]\n|\n|-heal|p1a: Spiritomb|95/100|[from] item: Leftovers\n|upkeep\n|turn|9\n|\n|t:|1789761734\n|-end|p2a: Kingambit|fallen1|[silent]\n|switch|p2a: Corviknight|Corviknight|71/100\n|-ability|p2a: Corviknight|Pressure\n|move|p1a: Spiritomb|Will-O-Wisp|p2a: Corviknight\n|-status|p2a: Corviknight|brn\n|\n|-heal|p2a: Corviknight|77/100 brn|[from] item: Leftovers\n|-heal|p1a: Spiritomb|100/100|[from] item: Leftovers\n|-damage|p2a: Corviknight|71/100 brn|[from] brn\n|upkeep\n|turn|10\n|\n|t:|1789761737\n|move|p2a: Corviknight|Protect|p2a: Corviknight\n|-singleturn|p2a: Corviknight|Protect\n|move|p1a: Spiritomb|Soul Toll|p2a: Corviknight\n|-activate|p2a: Corviknight|move: Protect\n|\n|-heal|p2a: Corviknight|77/100 brn|[from] item: Leftovers\n|-damage|p2a: Corviknight|71/100 brn|[from] brn\n|upkeep\n|turn|11\n|\n|t:|1789761739\n|move|p2a: Corviknight|Roost|p2a: Corviknight\n|-heal|p2a: Corviknight|100/100 brn\n|-singleturn|p2a: Corviknight|move: Roost\n|move|p1a: Spiritomb|Soul Toll|p2a: Corviknight\n|-damage|p2a: Corviknight|41/100 brn\n|\n|-heal|p2a: Corviknight|47/100 brn|[from] item: Leftovers\n|-damage|p2a: Corviknight|41/100 brn|[from] brn\n|upkeep\n|turn|12\n|\n|t:|1789761741\n|move|p2a: Corviknight|Protect|p2a: Corviknight\n|-singleturn|p2a: Corviknight|Protect\n|move|p1a: Spiritomb|Soul Toll|p2a: Corviknight\n|-activate|p2a: Corviknight|move: Protect\n|\n|-heal|p2a: Corviknight|47/100 brn|[from] item: Leftovers\n|-damage|p2a: Corviknight|41/100 brn|[from] brn\n|upkeep\n|turn|13\n|\n|t:|1789761747\n|move|p2a: Corviknight|Roost|p2a: Corviknight\n|-heal|p2a: Corviknight|91/100 brn\n|-singleturn|p2a: Corviknight|move: Roost\n|move|p1a: Spiritomb|Soul Toll|p2a: Corviknight\n|-damage|p2a: Corviknight|32/100 brn\n|\n|-heal|p2a: Corviknight|39/100 brn|[from] item: Leftovers\n|-damage|p2a: Corviknight|32/100 brn|[from] brn\n|upkeep\n|turn|14\n|\n|t:|1789761749\n|move|p2a: Corviknight|Protect|p2a: Corviknight\n|-singleturn|p2a: Corviknight|Protect\n|move|p1a: Spiritomb|Soul Toll|p2a: Corviknight\n|-activate|p2a: Corviknight|move: Protect\n|\n|-heal|p2a: Corviknight|39/100 brn|[from] item: Leftovers\n|-damage|p2a: Corviknight|32/100 brn|[from] brn\n|upkeep\n|turn|15\n|\n|t:|1789761749\n|move|p2a: Corviknight|Roost|p2a: Corviknight\n|-heal|p2a: Corviknight|82/100 brn\n|-singleturn|p2a: Corviknight|move: Roost\n|move|p1a: Spiritomb|Soul Toll|p2a: Corviknight\n|-damage|p2a: Corviknight|28/100 brn\n|\n|-heal|p2a: Corviknight|34/100 brn|[from] item: Leftovers\n|-damage|p2a: Corviknight|28/100 brn|[from] brn\n|upkeep\n|turn|16\n|\n|t:|1789761751\n|move|p2a: Corviknight|Protect|p2a: Corviknight\n|-singleturn|p2a: Corviknight|Protect\n|move|p1a: Spiritomb|Soul Toll|p2a: Corviknight\n|-activate|p2a: Corviknight|move: Protect\n|\n|-heal|p2a: Corviknight|34/100 brn|[from] item: Leftovers\n|-damage|p2a: Corviknight|28/100 brn|[from] brn\n|upkeep\n|turn|17\n|\n|t:|1789761752\n|move|p2a: Corviknight|Roost|p2a: Corviknight\n|-heal|p2a: Corviknight|78/100 brn\n|-singleturn|p2a: Corviknight|move: Roost\n|move|p1a: Spiritomb|Soul Toll|p2a: Corviknight\n|-damage|p2a: Corviknight|24/100 brn\n|\n|-heal|p2a: Corviknight|30/100 brn|[from] item: Leftovers\n|-damage|p2a: Corviknight|24/100 brn|[from] brn\n|upkeep\n|turn|18\n|\n|t:|1789761754\n|move|p2a: Corviknight|Roost|p2a: Corviknight\n|-heal|p2a: Corviknight|74/100 brn\n|-singleturn|p2a: Corviknight|move: Roost\n|move|p1a: Spiritomb|Carrion Feast|p2a: Corviknight\n|-damage|p2a: Corviknight|61/100 brn\n|\n|-heal|p2a: Corviknight|68/100 brn|[from] item: Leftovers\n|-damage|p2a: Corviknight|61/100 brn|[from] brn\n|upkeep\n|turn|19\n|\n|t:|1789761758\n|move|p2a: Corviknight|Roost|p2a: Corviknight\n|-heal|p2a: Corviknight|100/100 brn\n|-singleturn|p2a: Corviknight|move: Roost\n|move|p1a: Spiritomb|Carrion Feast|p2a: Corviknight\n|-damage|p2a: Corviknight|89/100 brn\n|\n|-heal|p2a: Corviknight|95/100 brn|[from] item: Leftovers\n|-damage|p2a: Corviknight|89/100 brn|[from] brn\n|upkeep\n|turn|20\n|\n|t:|1789761764\n|move|p2a: Corviknight|U-turn|p1a: Spiritomb\n|-damage|p1a: Spiritomb|95/100\n|\n|t:|1789761766\n|switch|p2a: Kingambit|Kingambit|100/100|[from] U-turn\n|-activate|p2a: Kingambit|ability: Supreme Overlord\n|-start|p2a: Kingambit|fallen1|[silent]\n|move|p1a: Spiritomb|Carrion Feast|p2a: Kingambit\n|-resisted|p2a: Kingambit\n|-damage|p2a: Kingambit|93/100\n|-heal|p1a: Spiritomb|99/100|[from] drain|[of] p2a: Kingambit\n|\n|-heal|p1a: Spiritomb|100/100|[from] item: Leftovers\n|upkeep\n|turn|21\n|\n|t:|1789761768\n|-end|p2a: Kingambit|fallen1|[silent]\n|switch|p2a: Corviknight|Corviknight|89/100 brn\n|-ability|p2a: Corviknight|Pressure\n|move|p1a: Spiritomb|Will-O-Wisp|p2a: Corviknight|[miss]\n|-miss|p1a: Spiritomb|p2a: Corviknight\n|\n|-heal|p2a: Corviknight|95/100 brn|[from] item: Leftovers\n|-damage|p2a: Corviknight|89/100 brn|[from] brn\n|upkeep\n|turn|22\n|\n|t:|1789761770\n|move|p2a: Corviknight|U-turn|p1a: Spiritomb\n|-damage|p1a: Spiritomb|95/100\n|\n|t:|1789761771\n|switch|p2a: Kingambit|Kingambit|93/100|[from] U-turn\n|-activate|p2a: Kingambit|ability: Supreme Overlord\n|-start|p2a: Kingambit|fallen1|[silent]\n|move|p1a: Spiritomb|Carrion Feast|p2a: Kingambit\n|-resisted|p2a: Kingambit\n|-damage|p2a: Kingambit|86/100\n|-heal|p1a: Spiritomb|99/100|[from] drain|[of] p2a: Kingambit\n|\n|-heal|p1a: Spiritomb|100/100|[from] item: Leftovers\n|upkeep\n|turn|23\n|\n|t:|1789761772\n|move|p2a: Kingambit|Iron Head|p1a: Spiritomb\n|-damage|p1a: Spiritomb|56/100\n|move|p1a: Spiritomb|Will-O-Wisp|p2a: Kingambit\n|-status|p2a: Kingambit|brn\n|\n|-heal|p1a: Spiritomb|62/100|[from] item: Leftovers\n|-damage|p2a: Kingambit|80/100 brn|[from] brn\n|upkeep\n|turn|24\n|\n|t:|1789761775\n|move|p2a: Kingambit|Swords Dance|p2a: Kingambit\n|-boost|p2a: Kingambit|atk|2\n|move|p1a: Spiritomb|Carrion Feast|p2a: Kingambit\n|-resisted|p2a: Kingambit\n|-damage|p2a: Kingambit|73/100 brn\n|-heal|p1a: Spiritomb|66/100|[from] drain|[of] p2a: Kingambit\n|\n|-heal|p1a: Spiritomb|72/100|[from] item: Leftovers\n|-damage|p2a: Kingambit|67/100 brn|[from] brn\n|upkeep\n|turn|25\n|\n|t:|1789761777\n|move|p2a: Kingambit|Swords Dance|p2a: Kingambit\n|-boost|p2a: Kingambit|atk|2\n|move|p1a: Spiritomb|Carrion Feast|p2a: Kingambit\n|-resisted|p2a: Kingambit\n|-damage|p2a: Kingambit|59/100 brn\n|-heal|p1a: Spiritomb|76/100|[from] drain|[of] p2a: Kingambit\n|\n|-heal|p1a: Spiritomb|83/100|[from] item: Leftovers\n|-damage|p2a: Kingambit|53/100 brn|[from] brn\n|upkeep\n|turn|26\n|\n|t:|1789761779\n|move|p2a: Kingambit|Knock Off|p1a: Spiritomb\n|-ability|p1a: Spiritomb|Keystone Legion\n|-message|The spirits of the keystone shield Spiritomb!\n|-start|p2a: Kingambit|Curse|[of] p1a: Spiritomb\n|-damage|p1a: Spiritomb|1/100\n|-enditem|p1a: Spiritomb|Leftovers|[from] move: Knock Off|[of] p2a: Kingambit\n|move|p1a: Spiritomb|Carrion Feast|p2a: Kingambit\n|-resisted|p2a: Kingambit\n|-damage|p2a: Kingambit|46/100 brn\n|-heal|p1a: Spiritomb|5/100|[from] drain|[of] p2a: Kingambit\n|\n|-damage|p2a: Kingambit|39/100 brn|[from] brn\n|-damage|p2a: Kingambit|14/100 brn|[from] Curse\n|upkeep\n|turn|27\n|\n|t:|1789761781\n|switch|p1a: Rillaboom|Rillaboom|100/100\n|-fieldstart|move: Grassy Terrain|[from] ability: Grassy Surge|[of] p1a: Rillaboom\n|move|p2a: Kingambit|Knock Off|p1a: Rillaboom\n|-damage|p1a: Rillaboom|0 fnt\n|-enditem|p1a: Rillaboom|Choice Band|[from] move: Knock Off|[of] p2a: Kingambit\n|faint|p1a: Rillaboom\n|\n|-heal|p2a: Kingambit|21/100 brn|[from] Grassy Terrain\n|-damage|p2a: Kingambit|14/100 brn|[from] brn\n|-damage|p2a: Kingambit|0 fnt|[from] Curse\n|faint|p2a: Kingambit\n|-end|p2a: Kingambit|fallen1|[silent]\n|upkeep\n|\n|t:|1789761785\n|switch|p1a: Spiritomb|Spiritomb|5/100\n|switch|p2a: Glaceon|Glaceon|39/100\n|-weather|Snowscape|[from] ability: Diamond Dust|[of] p2a: Glaceon\n|turn|28\n|\n|t:|1789761787\n|switch|p1a: Slowking|Slowking-Galar|100/100\n|move|p2a: Glaceon|Freeze-Dry|p1a: Slowking\n|-damage|p1a: Slowking|54/100\n|\n|-weather|Snowscape|[upkeep]\n|-heal|p2a: Glaceon|45/100|[from] Grassy Terrain\n|-heal|p1a: Slowking|60/100|[from] Grassy Terrain\n|upkeep\n|turn|29\n|\n|t:|1789761790\n|-terastallize|p2a: Glaceon|Ice\n|move|p2a: Glaceon|Freeze-Dry|p1a: Slowking\n|-damage|p1a: Slowking|0 fnt\n|faint|p1a: Slowking\n|\n|-weather|Snowscape|[upkeep]\n|-heal|p2a: Glaceon|51/100|[from] Grassy Terrain\n|upkeep\n|\n|t:|1789761791\n|switch|p1a: Clefable|Clefable|100/100\n|turn|30\n|\n|t:|1789761792\n|move|p2a: Glaceon|Freeze-Dry|p1a: Clefable\n|-damage|p1a: Clefable|29/100\n|move|p1a: Clefable|Moonblast|p2a: Glaceon\n|-crit|p2a: Glaceon\n|-damage|p2a: Glaceon|0 fnt\n|faint|p2a: Glaceon\n|\n|-weather|Snowscape|[upkeep]\n|-heal|p1a: Clefable|36/100|[from] Grassy Terrain\n|-heal|p1a: Clefable|42/100|[from] item: Leftovers\n|upkeep\n|\n|t:|1789761795\n|switch|p2a: Pawmot|Pawmot|100/100\n|turn|31\n|\n|t:|1789761799\n|move|p2a: Pawmot|Double Shock|p1a: Clefable\n|-damage|p1a: Clefable|0 fnt\n|-start|p2a: Pawmot|typechange|???/Fighting|[from] move: Double Shock\n|faint|p1a: Clefable\n|\n|-weather|Snowscape|[upkeep]\n|-fieldend|move: Grassy Terrain\n|upkeep\n|\n|t:|1789761799\n|switch|p1a: Lokix|Lokix|74/100\n|turn|32\n|\n|t:|1789761802\n|switch|p2a: Corviknight|Corviknight|89/100 brn\n|-ability|p2a: Corviknight|Pressure\n|move|p1a: Lokix|Leech Life|p2a: Corviknight\n|-resisted|p2a: Corviknight\n|-damage|p2a: Corviknight|73/100 brn\n|-heal|p1a: Lokix|85/100|[from] drain|[of] p2a: Corviknight\n|\n|-weather|none\n|-heal|p2a: Corviknight|80/100 brn|[from] item: Leftovers\n|-damage|p2a: Corviknight|73/100 brn|[from] brn\n|upkeep\n|turn|33\n|\n|t:|1789761804\n|move|p1a: Lokix|Leech Life|p2a: Corviknight\n|-resisted|p2a: Corviknight\n|-damage|p2a: Corviknight|55/100 brn\n|-heal|p1a: Lokix|97/100|[from] drain|[of] p2a: Corviknight\n|move|p2a: Corviknight|U-turn|p1a: Lokix\n|-supereffective|p1a: Lokix\n|-damage|p1a: Lokix|74/100\n|\n|t:|1789761806\n|switch|p2a: Pawmot|Pawmot|100/100|[from] U-turn\n|\n|upkeep\n|turn|34\n|\n|t:|1789761808\n|move|p2a: Pawmot|Double Shock|p1a: Lokix\n|-damage|p1a: Lokix|0 fnt\n|-start|p2a: Pawmot|typechange|???/Fighting|[from] move: Double Shock\n|faint|p1a: Lokix\n|\n|upkeep\n|\n|t:|1789761808\n|switch|p1a: Spiritomb|Spiritomb|5/100\n|turn|35\n|\n|t:|1789761812\n|switch|p2a: Corviknight|Corviknight|55/100 brn\n|-ability|p2a: Corviknight|Pressure\n|move|p1a: Spiritomb|Carrion Feast|p2a: Corviknight\n|-damage|p2a: Corviknight|42/100 brn\n|-heal|p1a: Spiritomb|12/100|[from] drain|[of] p2a: Corviknight\n|\n|-heal|p2a: Corviknight|49/100 brn|[from] item: Leftovers\n|-damage|p2a: Corviknight|42/100 brn|[from] brn\n|upkeep\n|turn|36\n|\n|t:|1789761814\n|move|p2a: Corviknight|U-turn|p1a: Spiritomb\n|-crit|p1a: Spiritomb\n|-damage|p1a: Spiritomb|3/100\n|\n|t:|1789761816\n|switch|p2a: Pawmot|Pawmot|100/100|[from] U-turn\n|move|p1a: Spiritomb|Carrion Feast|p2a: Pawmot\n|-resisted|p2a: Pawmot\n|-damage|p2a: Pawmot|85/100\n|-heal|p1a: Spiritomb|9/100|[from] drain|[of] p2a: Pawmot\n|\n|upkeep\n|turn|37\n|\n|t:|1789761818\n|switch|p2a: Corviknight|Corviknight|42/100 brn\n|-ability|p2a: Corviknight|Pressure\n|move|p1a: Spiritomb|Carrion Feast|p2a: Corviknight\n|-damage|p2a: Corviknight|30/100 brn\n|-heal|p1a: Spiritomb|16/100|[from] drain|[of] p2a: Corviknight\n|\n|-heal|p2a: Corviknight|36/100 brn|[from] item: Leftovers\n|-damage|p2a: Corviknight|30/100 brn|[from] brn\n|upkeep\n|turn|38\n|\n|t:|1789761819\n|move|p2a: Corviknight|Roost|p2a: Corviknight\n|-heal|p2a: Corviknight|80/100 brn\n|-singleturn|p2a: Corviknight|move: Roost\n|move|p1a: Spiritomb|Carrion Feast|p2a: Corviknight\n|-damage|p2a: Corviknight|68/100 brn\n|-heal|p1a: Spiritomb|22/100|[from] drain|[of] p2a: Corviknight\n|\n|-heal|p2a: Corviknight|74/100 brn|[from] item: Leftovers\n|-damage|p2a: Corviknight|68/100 brn|[from] brn\n|upkeep\n|turn|39\n|\n|t:|1789761821\n|move|p2a: Corviknight|Protect|p2a: Corviknight\n|-singleturn|p2a: Corviknight|Protect\n|move|p1a: Spiritomb|Strength Sap|p2a: Corviknight\n|-activate|p2a: Corviknight|move: Protect\n|\n|-heal|p2a: Corviknight|74/100 brn|[from] item: Leftovers\n|-damage|p2a: Corviknight|68/100 brn|[from] brn\n|upkeep\n|turn|40\n|\n|t:|1789761822\n|move|p2a: Corviknight|Roost|p2a: Corviknight\n|-heal|p2a: Corviknight|100/100 brn\n|-singleturn|p2a: Corviknight|move: Roost\n|move|p1a: Spiritomb|Strength Sap|p2a: Corviknight\n|-unboost|p2a: Corviknight|atk|1\n|-heal|p1a: Spiritomb|79/100\n|\n|-damage|p2a: Corviknight|94/100 brn|[from] brn\n|upkeep\n|turn|41\n|\n|t:|1789761823\n|move|p2a: Corviknight|Protect|p2a: Corviknight\n|-singleturn|p2a: Corviknight|Protect\n|move|p1a: Spiritomb|Carrion Feast|p2a: Corviknight\n|-activate|p2a: Corviknight|move: Protect\n|\n|-heal|p2a: Corviknight|100/100 brn|[from] item: Leftovers\n|-damage|p2a: Corviknight|94/100 brn|[from] brn\n|upkeep\n|turn|42\n|\n|t:|1789761824\n|move|p2a: Corviknight|U-turn|p1a: Spiritomb\n|-damage|p1a: Spiritomb|75/100\n|\n|t:|1789761826\n|switch|p2a: Pawmot|Pawmot|85/100|[from] U-turn\n|move|p1a: Spiritomb|Carrion Feast|p2a: Pawmot\n|-resisted|p2a: Pawmot\n|-damage|p2a: Pawmot|70/100\n|-heal|p1a: Spiritomb|81/100|[from] drain|[of] p2a: Pawmot\n|\n|upkeep\n|turn|43\n|\n|t:|1789761827\n|switch|p2a: Corviknight|Corviknight|94/100 brn\n|-ability|p2a: Corviknight|Pressure\n|move|p1a: Spiritomb|Will-O-Wisp|p2a: Corviknight|[miss]\n|-miss|p1a: Spiritomb|p2a: Corviknight\n|\n|-heal|p2a: Corviknight|100/100 brn|[from] item: Leftovers\n|-damage|p2a: Corviknight|94/100 brn|[from] brn\n|upkeep\n|turn|44\n|\n|t:|1789761829\n|move|p2a: Corviknight|Protect|p2a: Corviknight\n|-singleturn|p2a: Corviknight|Protect\n|move|p1a: Spiritomb|Carrion Feast|p2a: Corviknight\n|-activate|p2a: Corviknight|move: Protect\n|\n|-heal|p2a: Corviknight|100/100 brn|[from] item: Leftovers\n|-damage|p2a: Corviknight|94/100 brn|[from] brn\n|upkeep\n|turn|45\n|\n|t:|1789761833\n|move|p2a: Corviknight|Iron Head|p1a: Spiritomb\n|-damage|p1a: Spiritomb|71/100\n|move|p1a: Spiritomb|Carrion Feast|p2a: Corviknight\n|-damage|p2a: Corviknight|83/100 brn\n|-heal|p1a: Spiritomb|77/100|[from] drain|[of] p2a: Corviknight\n|\n|-heal|p2a: Corviknight|89/100 brn|[from] item: Leftovers\n|-damage|p2a: Corviknight|83/100 brn|[from] brn\n|upkeep\n|turn|46\n|\n|t:|1789761835\n|move|p2a: Corviknight|Protect|p2a: Corviknight\n|-singleturn|p2a: Corviknight|Protect\n|move|p1a: Spiritomb|Carrion Feast|p2a: Corviknight\n|-activate|p2a: Corviknight|move: Protect\n|\n|-heal|p2a: Corviknight|89/100 brn|[from] item: Leftovers\n|-damage|p2a: Corviknight|83/100 brn|[from] brn\n|upkeep\n|turn|47\n|\n|t:|1789761836\n|move|p2a: Corviknight|Iron Head|p1a: Spiritomb\n|-damage|p1a: Spiritomb|67/100\n|move|p1a: Spiritomb|Strength Sap|p2a: Corviknight\n|-unboost|p2a: Corviknight|atk|1\n|-heal|p1a: Spiritomb|100/100\n|\n|-heal|p2a: Corviknight|89/100 brn|[from] item: Leftovers\n|-damage|p2a: Corviknight|83/100 brn|[from] brn\n|upkeep\n|turn|48\n|\n|t:|1789761838\n|move|p2a: Corviknight|Protect|p2a: Corviknight\n|-singleturn|p2a: Corviknight|Protect\n|move|p1a: Spiritomb|Strength Sap|p2a: Corviknight\n|-activate|p2a: Corviknight|move: Protect\n|\n|-heal|p2a: Corviknight|89/100 brn|[from] item: Leftovers\n|-damage|p2a: Corviknight|83/100 brn|[from] brn\n|upkeep\n|turn|49\n|\n|t:|1789761839\n|move|p2a: Corviknight|Iron Head|p1a: Spiritomb\n|-damage|p1a: Spiritomb|94/100\n|move|p1a: Spiritomb|Strength Sap|p2a: Corviknight\n|-unboost|p2a: Corviknight|atk|1\n|-heal|p1a: Spiritomb|100/100\n|\n|-heal|p2a: Corviknight|89/100 brn|[from] item: Leftovers\n|-damage|p2a: Corviknight|83/100 brn|[from] brn\n|upkeep\n|turn|50\n|\n|t:|1789761849\n|move|p2a: Corviknight|U-turn|p1a: Spiritomb\n|-damage|p1a: Spiritomb|98/100\n|\n|t:|1789761851\n|switch|p2a: Pawmot|Pawmot|70/100|[from] U-turn\n|move|p1a: Spiritomb|Strength Sap|p2a: Pawmot\n|-unboost|p2a: Pawmot|atk|1\n|-heal|p1a: Spiritomb|100/100\n|\n|upkeep\n|turn|51\n|\n|t:|1789761855\n|-start|p2a: Pawmot|Dynamax|\n|-heal|p2a: Pawmot|70/100|[silent]\n|move|p2a: Pawmot|Max Lightning|p1a: Spiritomb\n|-damage|p1a: Spiritomb|64/100\n|-fieldstart|move: Electric Terrain\n|move|p1a: Spiritomb|Will-O-Wisp|p2a: Pawmot|[miss]\n|-miss|p1a: Spiritomb|p2a: Pawmot\n|\n|upkeep\n|turn|52\n|\n|t:|1789761857\n|move|p2a: Pawmot|Max Lightning|p1a: Spiritomb\n|-damage|p1a: Spiritomb|17/100\n|move|p1a: Spiritomb|Will-O-Wisp|p2a: Pawmot\n|-status|p2a: Pawmot|brn\n|\n|-damage|p2a: Pawmot|67/100 brn|[from] brn\n|upkeep\n|turn|53\n|\n|t:|1789761858\n|move|p2a: Pawmot|Max Lightning|p1a: Spiritomb\n|-damage|p1a: Spiritomb|0 fnt\n|faint|p1a: Spiritomb\n|\n|win|TheRealWhimsicott\n",
	"inputlog": ">start {\"formatid\":\"gen9rpou\",\"seed\":\"sodium,aa03e370ad5d1fab440c61bb41b63dae\",\"rated\":\"Rated battle\"}\n>player p1 {\"name\":\"Bunny Stockfish\",\"avatar\":\"bunny.png\",\"team\":\"Slowking|SlowkingGalar|ShucaBerry|Regenerator|ChillyReception,SludgeBomb,PsychicNoise,ThunderWave|Relaxed|252,,252,,4,|N|,,,,,0|||,,,,,Grass]Clefable||Leftovers|MagicGuard|StealthRock,Moonblast,Moonlight,ThunderWave|Bold|252,,252,,4,|N||||,,,,,Steel]Lokix||ChoiceBand|TintedLens|FirstImpression,Uturn,HiveFrenzy,LeechLife|Adamant|,252,4,,,252|N||||,,,,,Bug]Rillaboom||ChoiceBand|GrassySurge|GrassyGlide,WoodHammer,Uturn,KnockOff|Jolly|,252,4,,,252|N||||,,,G,,Grass]Simipour||ElementalBanana|TidalSurge|TorrentRush,Uturn,KnockOff,Liquidation|Jolly|,252,,,4,252|N||||,,,,,Water]Spiritomb||Leftovers|KeystoneLegion|SoulToll,StrengthSap,WillOWisp,CarrionFeast|Calm|252,,4,,252,|N||||,,,,,Fairy\",\"rating\":1332}\n>player p2 {\"name\":\"TheRealWhimsicott\",\"avatar\":\"266\",\"team\":\"Kingambit||BlackGlasses|SupremeOverlord|KnockOff,IronHead,SuckerPunch,SwordsDance|Adamant|252,252,,,4,|N||||,,,,,Dark]Haxorus||LoadedDice|MoldBreaker|HoneClaws,ScaleShot,Earthquake,IronHead|Jolly|4,252,,,,252|N||||,,,,,Steel]Pawmot||ChoiceBand|IronFist|RevivalBlessing,SparkScamper,CloseCombat,DoubleShock|Jolly|4,252,,,,252|N||||,,,,,Electric]Glaceon||ChoiceSpecs|DiamondDust|EarthPower,FreezeDry,FocusBlast,Blizzard|Modest|,,,252,4,252|N|,0,,,,|||,,,,,Ice]Tinkaton||AirBalloon|MoldBreaker|GigatonHammer,CragHammer,StealthRock,Encore|Jolly|,252,,,4,252|F||||,,,,,Fairy]Corviknight||Leftovers|Pressure|Roost,Uturn,Protect,IronHead|Impish|252,,252,,4,|N||||,,,,,Flying\",\"rating\":1412}\n>chat ☆Bunny Stockfish|Good luck! Playing on **stockfish**.\n>p1 team 5, 4, 3, 2, 6, 1\n>p2 team 5, 2, 3, 4, 1, 6\n>p1 move liquidation terastallize\n>p2 move stealthrock\n>p2 switch 4\n>p1 move liquidation\n>p2 move freezedry\n>p1 switch 3\n>p1 move leechlife dynamax\n>p2 switch 6\n>p1 move leechlife dynamax\n>p2 move protect\n>p1 move leechlife dynamax\n>p2 move roost\n>p1 move leechlife\n>p2 move uturn\n>p2 switch 5\n>p1 move leechlife\n>p2 switch 5\n>p1 switch 5\n>p2 move uturn\n>p2 switch 5\n>p1 move willowisp\n>p2 switch 5\n>p1 move soultoll\n>p2 move protect\n>p1 move soultoll\n>p2 move roost\n>p1 move soultoll\n>p2 move protect\n>p1 move soultoll\n>p2 move roost\n>p1 move soultoll\n>p2 move protect\n>p1 move soultoll\n>p2 move roost\n>p1 move soultoll\n>p2 move protect\n>p1 move soultoll\n>p2 move roost\n>p1 move carrionfeast\n>p2 move roost\n>p1 move carrionfeast\n>p2 move roost\n>p1 move carrionfeast\n>p2 move uturn\n>p2 switch 5\n>p1 move willowisp\n>p2 switch 5\n>p1 move carrionfeast\n>p2 move uturn\n>p2 switch 5\n>p1 move willowisp\n>p2 move ironhead\n>p1 move carrionfeast\n>p2 move swordsdance\n>p1 move carrionfeast\n>p2 move swordsdance\n>p1 move carrionfeast\n>p2 move knockoff\n>p1 switch 2\n>p2 move knockoff\n>p1 switch 2\n>p2 switch 6\n>p1 switch 6\n>p2 move freezedry\n>p1 move sludgebomb\n>p2 move freezedry terastallize\n>p1 switch 4\n>p1 move moonblast\n>p2 move freezedry\n>p2 switch 3\n>p1 move moonblast\n>p2 move doubleshock\n>p1 switch 5\n>p1 move leechlife\n>p2 switch 5\n>p1 move leechlife\n>p2 move uturn\n>p2 switch 5\n>p1 move leechlife\n>p2 move doubleshock\n>p1 switch 6\n>p1 move carrionfeast\n>p2 switch 5\n>p1 move carrionfeast\n>p2 move uturn\n>p2 switch 5\n>p1 move carrionfeast\n>p2 switch 5\n>p1 move carrionfeast\n>p2 move roost\n>p1 move strengthsap\n>p2 move protect\n>p1 move strengthsap\n>p2 move roost\n>p1 move carrionfeast\n>p2 move protect\n>p1 move carrionfeast\n>p2 move uturn\n>p2 switch 5\n>p1 move willowisp\n>p2 switch 5\n>p1 move carrionfeast\n>p2 move protect\n>p1 move carrionfeast\n>p2 move ironhead\n>p1 move carrionfeast\n>p2 move protect\n>p1 move strengthsap\n>p2 move ironhead\n>p1 move strengthsap\n>p2 move protect\n>p1 move strengthsap\n>p2 move ironhead\n>p1 move strengthsap\n>p2 move uturn\n>p2 switch 5\n>p1 move willowisp\n>p2 move doubleshock dynamax\n>p1 move willowisp\n>p2 move doubleshock dynamax\n>p1 move strengthsap\n>p2 move doubleshock dynamax",
	"uploadtime": 1789761858
}