{
	"id": "gen9rpou-11-tlj90j",
	"format": "[Gen 9] RP OU",
	"players": [
		"Bunny Stockfish",
		"TheRealWhimsicott"
	],
	"rating": null,
	"log": "|j|☆Bunny Stockfish\n|j|☆TheRealWhimsicott\n|t:|1789762255\n|gametype|singles\n|badge|p1|bronze|gen9rpou|3-3\n|badge|p2|silver|gen9rpou|2-2\n|player|p1|Bunny Stockfish|bunny.png|1332\n|player|p2|TheRealWhimsicott|266|1449\n|gen|9\n|tier|[Gen 9] RP OU\n|rated|\n|rule|HP Percentage Mod: HP is shown in percentages\n|rule|Endless Battle Clause: Forcing endless battles is banned\n|rule|Species Clause: Limit one of each Pokémon\n|rule|OHKO Clause: OHKO moves are banned\n|rule|Evasion Clause: Evasion abilities, items, and moves are banned\n|rule|Evasion Abilities Clause: Evasion abilities are banned\n|rule|Evasion Items Clause: Evasion items are banned\n|rule|Evasion Moves Clause: Evasion moves are banned\n|rule|Sleep Clause Mod: Limit one foe put to sleep\n|clearpoke\n|poke|p1|Glimmora|\n|poke|p1|Ditto|\n|poke|p1|Rillaboom|\n|poke|p1|Spiritomb|\n|poke|p1|Ninetales|\n|poke|p1|Togekiss|\n|poke|p2|Kingambit|\n|poke|p2|Haxorus|\n|poke|p2|Pawmot|\n|poke|p2|Glaceon|\n|poke|p2|Tinkaton, F|\n|poke|p2|Corviknight|\n|teampreview\n|c|☆Bunny Stockfish|Good luck! Playing on **stockfish**.\n|\n|t:|1789762261\n|teamsize|p1|6\n|teamsize|p2|6\n|start\n|switch|p1a: Glimmora|Glimmora|100/100\n|switch|p2a: Tinkaton|Tinkaton, F|100/100\n|-ability|p2a: Tinkaton|Mold Breaker\n|-item|p2a: Tinkaton|Air Balloon\n|turn|1\n|\n|t:|1789762262\n|move|p2a: Tinkaton|Stealth Rock|p1a: Glimmora\n|-sidestart|p1: Bunny Stockfish|move: Stealth Rock\n|move|p1a: Glimmora|Stealth Rock|p2a: Tinkaton\n|-sidestart|p2: TheRealWhimsicott|move: Stealth Rock\n|\n|upkeep\n|turn|2\n|\n|t:|1789762265\n|move|p2a: Tinkaton|Encore|p1a: Glimmora\n|-start|p1a: Glimmora|Encore\n|move|p1a: Glimmora|Stealth Rock||[still]\n|-fail|p1a: Glimmora\n|\n|upkeep\n|turn|3\n|\n|t:|1789762266\n|switch|p1a: Rillaboom|Rillaboom|100/100\n|-damage|p1a: Rillaboom|88/100|[from] Stealth Rock\n|-fieldstart|move: Grassy Terrain|[from] ability: Grassy Surge|[of] p1a: Rillaboom\n|move|p2a: Tinkaton|Gigaton Hammer|p1a: Rillaboom\n|-damage|p1a: Rillaboom|28/100\n|\n|-heal|p1a: Rillaboom|34/100|[from] Grassy Terrain\n|upkeep\n|turn|4\n|\n|t:|1789762269\n|move|p2a: Tinkaton|Crag Hammer|p1a: Rillaboom\n|-damage|p1a: Rillaboom|11/100\n|move|p1a: Rillaboom|Wood Hammer|p2a: Tinkaton\n|-resisted|p2a: Tinkaton\n|-damage|p2a: Tinkaton|15/100\n|-enditem|p2a: Tinkaton|Air Balloon\n|-damage|p1a: Rillaboom|0 fnt|[from] Recoil\n|faint|p1a: Rillaboom\n|\n|-heal|p2a: Tinkaton|21/100|[from] Grassy Terrain\n|upkeep\n|\n|t:|1789762269\n|switch|p1a: Ninetales|Ninetales|100/100\n|-damage|p1a: Ninetales|76/100|[from] Stealth Rock\n|-weather|SunnyDay|[from] ability: Drought|[of] p1a: Ninetales\n|turn|5\n|\n|t:|1789762275\n|move|p1a: Ninetales|Overheat|p2a: Tinkaton\n|-supereffective|p2a: Tinkaton\n|-damage|p2a: Tinkaton|0 fnt\n|-unboost|p1a: Ninetales|spa|2\n|faint|p2a: Tinkaton\n|\n|-weather|SunnyDay|[upkeep]\n|-heal|p1a: Ninetales|82/100|[from] Grassy Terrain\n|upkeep\n|\n|t:|1789762277\n|switch|p2a: Glaceon|Glaceon|100/100\n|-damage|p2a: Glaceon|76/100|[from] Stealth Rock\n|-weather|Snowscape|[from] ability: Diamond Dust|[of] p2a: Glaceon\n|turn|6\n|\n|t:|1789762281\n|move|p2a: Glaceon|Earth Power|p1a: Ninetales\n|-supereffective|p1a: Ninetales\n|-damage|p1a: Ninetales|0 fnt\n|faint|p1a: Ninetales\n|\n|-weather|Snowscape|[upkeep]\n|-heal|p2a: Glaceon|82/100|[from] Grassy Terrain\n|upkeep\n|\n|t:|1789762281\n|switch|p1a: Togekiss|Togekiss|100/100\n|turn|7\n|\n|t:|1789762286\n|switch|p2a: Corviknight|Corviknight|100/100\n|-damage|p2a: Corviknight|88/100|[from] Stealth Rock\n|-ability|p2a: Corviknight|Pressure\n|move|p1a: Togekiss|Nasty Plot|p1a: Togekiss\n|-boost|p1a: Togekiss|spa|2\n|\n|-weather|Snowscape|[upkeep]\n|-heal|p2a: Corviknight|94/100|[from] item: Leftovers\n|-fieldend|move: Grassy Terrain\n|upkeep\n|turn|8\n|\n|t:|1789762288\n|move|p2a: Corviknight|Protect|p2a: Corviknight\n|-singleturn|p2a: Corviknight|Protect\n|move|p1a: Togekiss|Aura Sphere|p2a: Corviknight\n|-activate|p2a: Corviknight|move: Protect\n|\n|-weather|Snowscape|[upkeep]\n|-heal|p2a: Corviknight|100/100|[from] item: Leftovers\n|upkeep\n|turn|9\n|\n|t:|1789762291\n|move|p1a: Togekiss|Nasty Plot|p1a: Togekiss\n|-boost|p1a: Togekiss|spa|2\n|move|p2a: Corviknight|Iron Head|p1a: Togekiss\n|-supereffective|p1a: Togekiss\n|-damage|p1a: Togekiss|51/100\n|\n|-weather|Snowscape|[upkeep]\n|upkeep\n|turn|10\n|\n|t:|1789762293\n|switch|p1a: Ditto|Ditto|100/100\n|-damage|p1a: Ditto|88/100|[from] Stealth Rock\n|-transform|p1a: Ditto|p2a: Corviknight|[from] ability: Imposter\n|-ability|p1a: Ditto|Pressure\n|move|p2a: Corviknight|Iron Head|p1a: Ditto\n|-resisted|p1a: Ditto\n|-damage|p1a: Ditto|79/100\n|\n|-weather|none\n|upkeep\n|turn|11\n|\n|t:|1789762296\n|move|p1a: Ditto|Iron Head|p2a: Corviknight\n|-resisted|p2a: Corviknight\n|-damage|p2a: Corviknight|94/100\n|cant|p2a: Corviknight|flinch\n|\n|-heal|p2a: Corviknight|99/100|[from] item: Leftovers\n|upkeep\n|turn|12\n|\n|t:|1789762299\n|move|p1a: Ditto|Iron Head|p2a: Corviknight\n|-resisted|p2a: Corviknight\n|-damage|p2a: Corviknight|93/100\n|move|p2a: Corviknight|U-turn|p1a: Ditto\n|-resisted|p1a: Ditto\n|-damage|p1a: Ditto|76/100\n|\n|t:|1789762302\n|switch|p2a: Pawmot|Pawmot|100/100|[from] U-turn\n|-damage|p2a: Pawmot|94/100|[from] Stealth Rock\n|\n|upkeep\n|turn|13\n|\n|t:|1789762304\n|switch|p1a: Glimmora|Glimmora|100/100\n|-damage|p1a: Glimmora|88/100|[from] Stealth Rock\n|-terastallize|p2a: Pawmot|Electric\n|move|p2a: Pawmot|Double Shock|p1a: Glimmora\n|-damage|p1a: Glimmora|12/100\n|-start|p2a: Pawmot|typechange|Electric|[from] move: Double Shock\n|-enditem|p1a: Glimmora|Red Card|[of] p2a: Pawmot\n|drag|p2a: Kingambit|Kingambit|100/100\n|-damage|p2a: Kingambit|94/100|[from] Stealth Rock\n|-activate|p2a: Kingambit|ability: Supreme Overlord\n|-start|p2a: Kingambit|fallen1|[silent]\n|\n|upkeep\n|turn|14\n|\n|t:|1789762309\n|switch|p1a: Ditto|Ditto|76/100\n|-damage|p1a: Ditto|63/100|[from] Stealth Rock\n|-transform|p1a: Ditto|p2a: Kingambit|[from] ability: Imposter\n|-activate|p1a: Ditto|ability: Supreme Overlord\n|-start|p1a: Ditto|fallen2|[silent]\n|move|p2a: Kingambit|Knock Off|p1a: Ditto\n|-resisted|p1a: Ditto\n|-damage|p1a: Ditto|29/100\n|-enditem|p1a: Ditto|Choice Scarf|[from] move: Knock Off|[of] p2a: Kingambit\n|\n|upkeep\n|turn|15\n|\n|t:|1789762320\n|-start|p1a: Ditto|Dynamax|\n|-heal|p1a: Ditto|29/100|[silent]\n|move|p1a: Ditto|Max Darkness|p2a: Kingambit\n|-resisted|p2a: Kingambit\n|-damage|p2a: Kingambit|66/100\n|-unboost|p2a: Kingambit|spd|1\n|move|p2a: Kingambit|Swords Dance|p2a: Kingambit\n|-boost|p2a: Kingambit|atk|2\n|\n|upkeep\n|turn|16\n|\n|t:|1789762326\n|-end|p1a: Ditto|Dynamax\n|-heal|p1a: Ditto|29/100|[silent]\n|-end|p1a: Ditto|fallen2|[silent]\n|switch|p1a: Togekiss|Togekiss|51/100\n|move|p2a: Kingambit|Swords Dance|p2a: Kingambit\n|-boost|p2a: Kingambit|atk|2\n|\n|upkeep\n|turn|17\n|\n|t:|1789762329\n|move|p2a: Kingambit|Sucker Punch|p1a: Togekiss\n|-resisted|p1a: Togekiss\n|-damage|p1a: Togekiss|0 fnt\n|faint|p1a: Togekiss\n|\n|upkeep\n|\n|t:|1789762329\n|switch|p1a: Ditto|Ditto|29/100\n|-damage|p1a: Ditto|17/100|[from] Stealth Rock\n|-transform|p1a: Ditto|p2a: Kingambit|[from] ability: Imposter\n|-activate|p1a: Ditto|ability: Supreme Overlord\n|-start|p1a: Ditto|fallen3|[silent]\n|turn|18\n|\n|t:|1789762332\n|move|p1a: Ditto|Sucker Punch|p2a: Kingambit\n|-resisted|p2a: Kingambit\n|-damage|p2a: Kingambit|10/100\n|move|p2a: Kingambit|Sucker Punch||[still]\n|-fail|p2a: Kingambit\n|\n|upkeep\n|turn|19\n|\n|t:|1789762334\n|move|p2a: Kingambit|Sucker Punch|p1a: Ditto\n|-resisted|p1a: Ditto\n|-damage|p1a: Ditto|0 fnt\n|faint|p1a: Ditto\n|-end|p1a: Ditto|fallen3|[silent]\n|\n|upkeep\n|\n|t:|1789762334\n|switch|p1a: Spiritomb|Spiritomb|100/100\n|-damage|p1a: Spiritomb|88/100|[from] Stealth Rock\n|turn|20\n|\n|t:|1789762337\n|-terastallize|p1a: Spiritomb|Fairy\n|move|p2a: Kingambit|Sucker Punch|p1a: Spiritomb\n|-resisted|p1a: Spiritomb\n|-damage|p1a: Spiritomb|29/100\n|move|p1a: Spiritomb|Soul Toll|p2a: Kingambit\n|-resisted|p2a: Kingambit\n|-damage|p2a: Kingambit|0 fnt\n|faint|p2a: Kingambit\n|-end|p2a: Kingambit|fallen1|[silent]\n|\n|-heal|p1a: Spiritomb|35/100|[from] item: Leftovers\n|upkeep\n|\n|t:|1789762340\n|switch|p2a: Haxorus|Haxorus|100/100\n|-damage|p2a: Haxorus|88/100|[from] Stealth Rock\n|-ability|p2a: Haxorus|Mold Breaker\n|turn|21\n|\n|t:|1789762342\n|move|p2a: Haxorus|Iron Head|p1a: Spiritomb\n|-supereffective|p1a: Spiritomb\n|-damage|p1a: Spiritomb|0 fnt\n|faint|p1a: Spiritomb\n|\n|upkeep\n|\n|t:|1789762342\n|switch|p1a: Glimmora|Glimmora|12/100\n|-damage|p1a: Glimmora|0 fnt|[from] Stealth Rock\n|faint|p1a: Glimmora\n|\n|win|TheRealWhimsicott\n",
	"inputlog": ">start {\"formatid\":\"gen9rpou\",\"seed\":\"sodium,fe118c65f1b2089ba2e9a301d97d2904\",\"rated\":\"Rated battle\"}\n>player p1 {\"name\":\"Bunny Stockfish\",\"avatar\":\"bunny.png\",\"team\":\"Glimmora||RedCard|Corrosion|StealthRock,MortalSpin,EarthPower,PowerGem|Bold|252,,252,,4,|N||||,,,,,Ghost]Ditto||ChoiceScarf|Imposter|Transform|Quiet|248,8,,252,,|N|,,,,,0|||,,,,,Ghost]Rillaboom||ChoiceBand|GrassySurge|GrassyGlide,WoodHammer,Uturn,KnockOff|Jolly|,252,4,,,252|N||||,,,G,,Grass]Spiritomb||Leftovers|KeystoneLegion|SoulToll,StrengthSap,WillOWisp,PartingShot|Calm|252,,4,,252,|N||||,,,,,Fairy]Ninetales||HeatRock|Drought|Overheat,Encore,HealingWish,WillOWisp|Timid|252,,4,,,252|N|,0,,,,|||,,,,,Ghost]Togekiss||HeavyDutyBoots|SereneGrace|AirSlash,NastyPlot,AlluringVoice,AuraSphere|Modest|252,,,252,4,|N||||,,,,,Fairy\",\"rating\":1332}\n>player p2 {\"name\":\"TheRealWhimsicott\",\"avatar\":\"266\",\"team\":\"Kingambit||BlackGlasses|SupremeOverlord|KnockOff,IronHead,SuckerPunch,SwordsDance|Adamant|252,252,,,4,|N||||,,,,,Dark]Haxorus||LoadedDice|MoldBreaker|HoneClaws,ScaleShot,Earthquake,IronHead|Jolly|4,252,,,,252|N||||,,,,,Steel]Pawmot||ChoiceBand|IronFist|RevivalBlessing,SparkScamper,CloseCombat,DoubleShock|Jolly|4,252,,,,252|N||||,,,,,Electric]Glaceon||ChoiceSpecs|DiamondDust|EarthPower,FreezeDry,FocusBlast,Blizzard|Modest|,,,252,4,252|N|,0,,,,|||,,,,,Ice]Tinkaton||AirBalloon|MoldBreaker|GigatonHammer,CragHammer,StealthRock,Encore|Jolly|,252,,,4,252|F||||,,,,,Fairy]Corviknight||Leftovers|Pressure|Roost,Uturn,Protect,IronHead|Impish|252,,252,,4,|N||||,,,,,Water\",\"rating\":1449}\n>chat ☆Bunny Stockfish|Good luck! Playing on **stockfish**.\n>p1 team 1, 5, 3, 6, 4, 2\n>p2 team 5, 2, 3, 4, 1, 6\n>p1 move stealthrock\n>p2 move stealthrock\n>p1 move powergem\n>p2 move encore\n>p1 switch 3\n>p2 move gigatonhammer\n>p1 move woodhammer\n>p2 move craghammer\n>p1 switch 2\n>p1 move overheat\n>p2 move craghammer\n>p2 switch 4\n>p1 move overheat\n>p2 move earthpower\n>p1 switch 4\n>p1 move nastyplot\n>p2 switch 6\n>p1 move aurasphere\n>p2 move protect\n>p1 move nastyplot\n>p2 move ironhead\n>p1 switch 6\n>p2 move ironhead\n>p1 move ironhead\n>p2 move uturn\n>p1 move ironhead\n>p2 move uturn\n>p2 switch 3\n>p1 switch 3\n>p2 move doubleshock terastallize\n>p1 switch 3\n>p2 move knockoff\n>p1 move suckerpunch dynamax\n>p2 move swordsdance\n>p1 switch 6\n>p2 move swordsdance\n>p1 move aurasphere\n>p2 move suckerpunch\n>p1 switch 6\n>p1 move suckerpunch\n>p2 move suckerpunch\n>p1 move ironhead\n>p2 move suckerpunch\n>p1 switch 5\n>p1 move soultoll terastallize\n>p2 move suckerpunch\n>p2 switch 2\n>p1 move soultoll\n>p2 move ironhead\n>p1 switch 3",
	"uploadtime": 1789762342
}