{
	"id": "gen9rpbattle-5-tltvp3",
	"format": "[Gen 9] RP Battle",
	"players": [
		"SlimeQueenSamantha",
		"Keiko_Sama"
	],
	"rating": null,
	"log": "|j|☆SlimeQueenSamantha\n|j|☆Keiko_Sama\n|t:|1790195703\n|gametype|singles\n|player|p1|SlimeQueenSamantha|queen.png|\n|player|p2|Keiko_Sama|mallow|\n|gen|9\n|tier|[Gen 9] RP Battle\n|clearpoke\n|poke|p1|Smeargle, L13, M|\n|poke|p1|Beedrill, L14|\n|poke|p1|Beautifly, L14|\n|poke|p1|Chikorita, L14|\n|poke|p1|Wingull, L13|\n|poke|p1|Larvesta, L14|\n|poke|p2|Tsareena, L13|\n|poke|p2|Pansage, L13|\n|poke|p2|Toedscool, L13|\n|poke|p2|Budew, L13|\n|poke|p2|Hoppip, L13|\n|poke|p2|Lotad, L13|\n|teampreview\n|\n|t:|1790195708\n|teamsize|p1|6\n|teamsize|p2|6\n|start\n|switch|p1a: Smeargle|Smeargle, L13, M|100/100\n|switch|p2a: Toedscool|Toedscool, L13|100/100\n|-item|p2a: Toedscool|Air Balloon\n|turn|1\n|\n|t:|1790195725\n|move|p1a: Smeargle|Hypnosis|p2a: Toedscool|[miss]\n|-miss|p1a: Smeargle|p2a: Toedscool\n|move|p2a: Toedscool|Energy Ball|p1a: Smeargle\n|-damage|p1a: Smeargle|66/100\n|\n|-ability|p1a: Smeargle|Moody|boost\n|-boost|p1a: Smeargle|spe|2\n|-unboost|p1a: Smeargle|atk|1\n|upkeep\n|turn|2\n|\n|t:|1790195735\n|move|p1a: Smeargle|Hypnosis|p2a: Toedscool\n|-status|p2a: Toedscool|slp|[from] move: Hypnosis\n|cant|p2a: Toedscool|slp\n|\n|-ability|p1a: Smeargle|Moody|boost\n|-boost|p1a: Smeargle|spd|2\n|-unboost|p1a: Smeargle|spe|1\n|upkeep\n|turn|3\n|\n|t:|1790195744\n|move|p1a: Smeargle|Sticky Web|p2a: Toedscool\n|-sidestart|p2: Keiko_Sama|move: Sticky Web\n|cant|p2a: Toedscool|slp\n|\n|-ability|p1a: Smeargle|Moody|boost\n|-boost|p1a: Smeargle|spa|2\n|-unboost|p1a: Smeargle|def|1\n|upkeep\n|turn|4\n|\n|t:|1790195747\n|move|p1a: Smeargle|Hustle Up|p1a: Smeargle\n|-boost|p1a: Smeargle|atk|1\n|-boost|p1a: Smeargle|spe|1\n|cant|p2a: Toedscool|slp\n|\n|-ability|p1a: Smeargle|Moody|boost\n|-boost|p1a: Smeargle|def|2\n|-unboost|p1a: Smeargle|atk|1\n|upkeep\n|turn|5\n|\n|t:|1790195750\n|move|p1a: Smeargle|Hustle Up|p1a: Smeargle\n|-boost|p1a: Smeargle|atk|1\n|-boost|p1a: Smeargle|spe|1\n|-curestatus|p2a: Toedscool|slp|[msg]\n|move|p2a: Toedscool|Leaf Storm|p1a: Smeargle\n|-damage|p1a: Smeargle|42/100\n|-unboost|p2a: Toedscool|spa|2\n|\n|-ability|p1a: Smeargle|Moody|boost\n|-boost|p1a: Smeargle|atk|2\n|-unboost|p1a: Smeargle|def|1\n|upkeep\n|turn|6\n|\n|t:|1790195753\n|move|p1a: Smeargle|Baton Pass|p1a: Smeargle\n|\n|t:|1790195755\n|switch|p1a: Beedrill|Beedrill, L14|100/100|[from] Baton Pass\n|move|p2a: Toedscool|Leaf Storm|p1a: Beedrill\n|-resisted|p1a: Beedrill\n|-damage|p1a: Beedrill|98/100\n|-unboost|p2a: Toedscool|spa|2\n|\n|upkeep\n|turn|7\n|\n|t:|1790195762\n|move|p1a: Beedrill|Toxic Spikes|p2a: Toedscool\n|-sidestart|p2: Keiko_Sama|move: Toxic Spikes\n|move|p2a: Toedscool|Leaf Storm|p1a: Beedrill\n|-resisted|p1a: Beedrill\n|-damage|p1a: Beedrill|96/100\n|-unboost|p2a: Toedscool|spa|2\n|\n|upkeep\n|turn|8\n|\n|t:|1790195769\n|move|p1a: Beedrill|Poison Jab|p2a: Toedscool\n|-damage|p2a: Toedscool|0 fnt\n|-enditem|p2a: Toedscool|Air Balloon\n|faint|p2a: Toedscool\n|\n|upkeep\n|\n|t:|1790195773\n|switch|p2a: Hoppip|Hoppip, L13|100/100\n|turn|9\n|\n|t:|1790195779\n|move|p1a: Beedrill|Poison Jab|p2a: Hoppip\n|-supereffective|p2a: Hoppip\n|-damage|p2a: Hoppip|0 fnt\n|faint|p2a: Hoppip\n|\n|upkeep\n|\n|t:|1790195782\n|switch|p2a: Pansage|Pansage, L13|100/100\n|-activate|p2a: Pansage|move: Sticky Web\n|-unboost|p2a: Pansage|spe|1\n|-status|p2a: Pansage|psn\n|-fieldstart|move: Grassy Terrain|[from] ability: Verdant Surge|[of] p2a: Pansage\n|turn|10\n|\n|t:|1790195787\n|move|p2a: Pansage|Jungle Rush|p1a: Beedrill\n|-resisted|p1a: Beedrill\n|-damage|p1a: Beedrill|90/100\n|move|p1a: Beedrill|Poison Jab|p2a: Pansage\n|-supereffective|p2a: Pansage\n|-damage|p2a: Pansage|0 fnt\n|faint|p2a: Pansage\n|\n|-heal|p1a: Beedrill|94/100|[from] Grassy Terrain\n|upkeep\n|\n|t:|1790195791\n|switch|p2a: Budew|Budew, L13|100/100\n|-activate|p2a: Budew|move: Sticky Web\n|-unboost|p2a: Budew|spe|1\n|-sideend|p2: Keiko_Sama|move: Toxic Spikes|[of] p2a: Budew\n|turn|11\n|\n|t:|1790195795\n|move|p1a: Beedrill|Poison Jab|p2a: Budew\n|-damage|p2a: Budew|0 fnt\n|faint|p2a: Budew\n|\n|-heal|p1a: Beedrill|98/100|[from] Grassy Terrain\n|upkeep\n|\n|t:|1790195797\n|switch|p2a: Lotad|Lotad, L13|100/100\n|-activate|p2a: Lotad|move: Sticky Web\n|-unboost|p2a: Lotad|spe|1\n|turn|12\n|\n|t:|1790195800\n|move|p1a: Beedrill|Poison Jab|p2a: Lotad\n|-supereffective|p2a: Lotad\n|-damage|p2a: Lotad|0 fnt\n|faint|p2a: Lotad\n|\n|-heal|p1a: Beedrill|100/100|[from] Grassy Terrain\n|upkeep\n|\n|t:|1790195802\n|switch|p2a: Tsareena|Tsareena, L13|100/100\n|-activate|p2a: Tsareena|move: Sticky Web\n|-unboost|p2a: Tsareena|spe|1\n|turn|13\n|\n|t:|1790195810\n|move|p1a: Beedrill|Defog|p2a: Tsareena\n|-unboost|p2a: Tsareena|evasion|1\n|-sideend|p2: Keiko_Sama|Sticky Web|[from] move: Defog|[of] p1a: Beedrill\n|-fieldend|move: Grassy Terrain\n|move|p2a: Tsareena|High Jump Kick|p1a: Beedrill\n|-resisted|p1a: Beedrill\n|-damage|p1a: Beedrill|79/100\n|\n|upkeep\n|turn|14\n|\n|t:|1790195819\n|move|p1a: Beedrill|U-turn|p2a: Tsareena\n|-supereffective|p2a: Tsareena\n|-damage|p2a: Tsareena|0 fnt\n|faint|p2a: Tsareena\n|\n|win|SlimeQueenSamantha\n",
	"inputlog": ">start {\"formatid\":\"gen9rpbattle\",\"seed\":\"sodium,cacb074bb8bff4ec6ccf257e9312e16e\"}\n>player p1 {\"name\":\"SlimeQueenSamantha\",\"avatar\":\"queen.png\",\"team\":\"Smeargle|||Moody|StickyWeb,Hypnosis,hustleup,BatonPass|Timid|52,,,,224,232|M|,0,,,,||13|,,,,,Normal]Beedrill|||Swarm|PoisonJab,ToxicSpikes,Defog,Uturn|Jolly|,252,,,4,252|N|||14|,,,,,Bug]Beautifly|||Swarm|BugBuzz,QuiverDance,AirCutter,oxidize|Modest|,,,252,4,252|N|||14|,,,,,Bug]Chikorita|||Overgrow|SeedBomb,SwordsDance,BodySlam,Trailblaze|Adamant|252,252,,,4,|N|||14|,,,,,Grass]Wingull|||Hydration|Hurricane,Uturn,Surf,Blizzard|Timid|,,,252,4,252|N|||13|,,,,,Water]Larvesta|||FlameBody|FireBlast,BugBuzz,CalmMind,FlameCharge|Hasty|,4,,252,,252|N|||14|,,,,,Bug\",\"rating\":0}\n>player p2 {\"name\":\"Keiko_Sama\",\"avatar\":\"mallow\",\"team\":\"Tsareena|||QueenlyMajesty|PowerWhip,KnockOff,Uturn,HighJumpKick|Adamant|,252,,,4,252|N|||13|,,,,,Grass]Pansage|||VerdantSurge|junglerush,HiddenPowerFire,FocusBlast,Uturn|Timid|,,,252,,228|N|,30,,30,,30||13|,,,,,Grass]Toedscool||AirBalloon|MyceliumMight|EnergyBall,DazzlingGleam,LeafStorm,LeechSeed|Serious|112,112,60,64,92,56|N|,0,,,,||13|,,,,,Ground]Budew|||NaturalCure|Toxic,oxidize,solarnectar,Synthesis|Serious|252,252,252,252,252,252|N|,0,,,,||13|,,,,,Grass]Hoppip|||Chlorophyll|LeechSeed,Substitute,Protect,GigaDrain|Timid|252,,,4,,252|N|,0,,,,||13|,,,,,Grass]Lotad|||OwnTempo|SwordsDance,wavecharge,SeedBomb,IceBeam|Lonely|,252,,4,,252|N|||13|,,,,,Water\",\"rating\":0}\n>p1 team 1, 2, 3, 4, 5, 6\n>p2 team 3, 2, 1, 4, 5, 6\n>p1 move hypnosis\n>p2 move energyball\n>p1 move hypnosis\n>p2 move energyball\n>p1 move stickyweb\n>p2 move energyball\n>p1 move hustleup\n>p2 move energyball\n>p1 move hustleup\n>p2 move leafstorm\n>p1 move batonpass\n>p2 move leafstorm\n>p1 switch 2\n>p1 move toxicspikes\n>p2 move leafstorm\n>p1 move poisonjab\n>p2 move dazzlinggleam\n>p2 switch 5\n>p1 move poisonjab\n>p2 move substitute\n>p2 switch 2\n>p1 move poisonjab\n>p2 move junglerush\n>p2 switch 4\n>p1 move poisonjab\n>p2 move solarnectar\n>p2 switch 6\n>p1 move poisonjab\n>p2 move icebeam\n>p2 switch 3\n>p1 move defog\n>p2 move highjumpkick\n>p1 move uturn\n>p2 move uturn",
	"uploadtime": 1790195819
}