{
	"id": "gen9rprandombattle-9-tmoez3",
	"format": "[Gen 9] RP Random Battle",
	"players": [
		"Bunny Easy",
		"TheRedRecord7"
	],
	"rating": null,
	"log": "|j|☆Bunny Easy\n|j|☆TheRedRecord7\n|t:|1791656000\n|gametype|singles\n|player|p1|Bunny Easy|bunny.png|1036\n|player|p2|TheRedRecord7|265|1000\n|gen|9\n|tier|[Gen 9] RP Random Battle\n|rated|\n|rule|Species Clause: Limit one of each Pokémon\n|rule|HP Percentage Mod: HP is shown in percentages\n|rule|Sleep Clause Mod: Limit one foe put to sleep\n|rule|Illusion Level Mod: Illusion disguises the Pokémon's true level\n|\n|t:|1791656000\n|teamsize|p1|6\n|teamsize|p2|6\n|start\n|switch|p1a: Chimecho|Chimecho, L93, M|290/290\n|switch|p2a: Hitmontop|Hitmontop, L88, M|231/231\n|-ability|p2a: Hitmontop|Intimidate|boost\n|-unboost|p1a: Chimecho|atk|1\n|turn|1\n|c|☆Bunny Easy|Good luck! Playing on **easy**.\n|inactive|Battle timer is ON: inactive players will automatically lose when time's up. (requested by TheRedRecord7)\n|\n|t:|1791656019\n|move|p1a: Chimecho|Hypno Whirl|p2a: Hitmontop\n|-supereffective|p2a: Hitmontop\n|-damage|p2a: Hitmontop|97/231\n|-start|p2a: Hitmontop|confusion\n|-activate|p2a: Hitmontop|confusion\n|-damage|p2a: Hitmontop|67/231|[from] confusion\n|\n|upkeep\n|turn|2\n|\n|t:|1791656034\n|switch|p2a: Malamar|Malamar, L82, F|275/275\n|move|p1a: Chimecho|Hypno Whirl|p2a: Malamar\n|-immune|p2a: Malamar\n|\n|upkeep\n|turn|3\n|c|☆TheRedRecord7|Good luck\n|\n|t:|1791656053\n|move|p1a: Chimecho|Hypno Whirl|p2a: Malamar\n|-immune|p2a: Malamar\n|move|p2a: Malamar|Carrion Feast|p1a: Chimecho\n|-supereffective|p1a: Chimecho\n|-damage|p1a: Chimecho|146/290\n|\n|-heal|p1a: Chimecho|164/290|[from] item: Leftovers\n|upkeep\n|turn|4\n|\n|t:|1791656067\n|-terastallize|p1a: Chimecho|Dark\n|move|p1a: Chimecho|Hypno Whirl|p2a: Malamar\n|-immune|p2a: Malamar\n|move|p2a: Malamar|Carrion Feast|p1a: Chimecho\n|-resisted|p1a: Chimecho\n|-damage|p1a: Chimecho|129/290\n|\n|-heal|p1a: Chimecho|147/290|[from] item: Leftovers\n|upkeep\n|turn|5\n|\n|t:|1791656080\n|move|p1a: Chimecho|Hypno Whirl|p2a: Malamar\n|-immune|p2a: Malamar\n|move|p2a: Malamar|Superpower|p1a: Chimecho\n|-supereffective|p1a: Chimecho\n|-damage|p1a: Chimecho|0 fnt\n|-boost|p2a: Malamar|atk|1\n|-boost|p2a: Malamar|def|1\n|faint|p1a: Chimecho\n|\n|upkeep\n|\n|t:|1791656080\n|switch|p1a: Clefable|Clefable, L83, M|293/293\n|turn|6\n|inactive|TheRedRecord7 has 120 seconds left.\n|\n|t:|1791656108\n|switch|p2a: Swalot|Swalot, L90, F|326/326\n|move|p1a: Clefable|Fire Blast|p2a: Swalot\n|-damage|p2a: Swalot|234/326\n|-status|p2a: Swalot|brn\n|\n|-heal|p2a: Swalot|254/326 brn|[from] item: Leftovers\n|-damage|p2a: Swalot|234/326 brn|[from] brn\n|upkeep\n|turn|7\n|inactive|TheRedRecord7 has 120 seconds left.\n|\n|t:|1791656123\n|move|p2a: Swalot|Sludge Bomb|p1a: Clefable\n|-supereffective|p1a: Clefable\n|-damage|p1a: Clefable|107/293\n|move|p1a: Clefable|Moonblast|p2a: Swalot\n|-resisted|p2a: Swalot\n|-damage|p2a: Swalot|173/326 brn\n|\n|-heal|p2a: Swalot|193/326 brn|[from] item: Leftovers\n|-damage|p2a: Swalot|173/326 brn|[from] brn\n|upkeep\n|turn|8\n|inactive|TheRedRecord7 has 120 seconds left.\n|\n|t:|1791656135\n|move|p2a: Swalot|Sludge Bomb|p1a: Clefable\n|-supereffective|p1a: Clefable\n|-damage|p1a: Clefable|0 fnt\n|faint|p1a: Clefable\n|\n|-heal|p2a: Swalot|193/326 brn|[from] item: Leftovers\n|-damage|p2a: Swalot|173/326 brn|[from] brn\n|upkeep\n|\n|t:|1791656135\n|switch|p1a: Gyarados|Gyarados, L79, M|280/280\n|turn|9\n|\n|t:|1791656149\n|move|p1a: Gyarados|Waterfall|p2a: Swalot\n|-damage|p2a: Swalot|79/326 brn\n|move|p2a: Swalot|Toxic|p1a: Gyarados\n|-status|p1a: Gyarados|tox\n|\n|-heal|p2a: Swalot|99/326 brn|[from] item: Leftovers\n|-damage|p1a: Gyarados|263/280 tox|[from] psn\n|-damage|p2a: Swalot|79/326 brn|[from] brn\n|upkeep\n|turn|10\n|\n|t:|1791656161\n|move|p2a: Swalot|Protect|p2a: Swalot\n|-singleturn|p2a: Swalot|Protect\n|move|p1a: Gyarados|Earthquake|p2a: Swalot\n|-activate|p2a: Swalot|move: Protect\n|\n|-heal|p2a: Swalot|99/326 brn|[from] item: Leftovers\n|-damage|p1a: Gyarados|229/280 tox|[from] psn\n|-damage|p2a: Swalot|79/326 brn|[from] brn\n|upkeep\n|turn|11\n|inactive|TheRedRecord7 has 120 seconds left.\n|\n|t:|1791656193\n|switch|p2a: Tatsugiri|Tatsugiri, L87, M|260/260\n|move|p1a: Gyarados|Earthquake|p2a: Tatsugiri\n|-damage|p2a: Tatsugiri|169/260\n|\n|-damage|p1a: Gyarados|178/280 tox|[from] psn\n|upkeep\n|turn|12\n|\n|t:|1791656208\n|move|p2a: Tatsugiri|Hydro Pump|p1a: Gyarados\n|-resisted|p1a: Gyarados\n|-damage|p1a: Gyarados|104/280 tox\n|move|p1a: Gyarados|Earthquake|p2a: Tatsugiri\n|-damage|p2a: Tatsugiri|69/260\n|\n|-damage|p1a: Gyarados|36/280 tox|[from] psn\n|upkeep\n|turn|13\n|\n|t:|1791656219\n|move|p2a: Tatsugiri|Rapid Spin|p1a: Gyarados\n|-damage|p1a: Gyarados|6/280 tox\n|-boost|p2a: Tatsugiri|spe|1\n|move|p1a: Gyarados|Earthquake|p2a: Tatsugiri\n|-damage|p2a: Tatsugiri|0 fnt\n|faint|p2a: Tatsugiri\n|-ability|p1a: Gyarados|Moxie|boost\n|-boost|p1a: Gyarados|atk|1\n|\n|-damage|p1a: Gyarados|0 fnt|[from] psn\n|faint|p1a: Gyarados\n|upkeep\n|\n|t:|1791656237\n|switch|p2a: Hitmontop|Hitmontop, L88, M|67/231\n|switch|p1a: Dudunsparce|Dudunsparce-Three-Segment, L83, M|343/343\n|-ability|p2a: Hitmontop|Intimidate|boost\n|-unboost|p1a: Dudunsparce|atk|1\n|-ability|p1a: Dudunsparce|Rattled|boost\n|-boost|p1a: Dudunsparce|spe|1\n|turn|14\n|\n|t:|1791656251\n|move|p1a: Dudunsparce|Boomburst|p2a: Hitmontop\n|-damage|p2a: Hitmontop|0 fnt\n|faint|p2a: Hitmontop\n|\n|upkeep\n|inactive|TheRedRecord7 has 90 seconds left.\n|\n|t:|1791656261\n|switch|p2a: Sneasler|Sneasler, L74, F|240/240\n|turn|15\n|inactive|TheRedRecord7 has 90 seconds left.\n|\n|t:|1791656280\n|move|p2a: Sneasler|Throat Chop|p1a: Dudunsparce\n|-damage|p1a: Dudunsparce|254/343\n|-start|p1a: Dudunsparce|Throat Chop|[silent]\n|-ability|p1a: Dudunsparce|Rattled|boost\n|-boost|p1a: Dudunsparce|spe|1\n|cant|p1a: Dudunsparce|move: Throat Chop\n|\n|-heal|p1a: Dudunsparce|275/343|[from] item: Leftovers\n|upkeep\n|turn|16\n|inactive|TheRedRecord7 has 90 seconds left.\n|\n|t:|1791656301\n|switch|p2a: Malamar|Malamar, L82, F|275/275\n|move|p1a: Dudunsparce|Roost|p1a: Dudunsparce\n|-heal|p1a: Dudunsparce|343/343\n|-singleturn|p1a: Dudunsparce|move: Roost\n|\n|-end|p1a: Dudunsparce|Throat Chop|[silent]\n|upkeep\n|turn|17\n|\n|t:|1791656309\n|move|p1a: Dudunsparce|Toxic|p2a: Malamar\n|-status|p2a: Malamar|tox\n|move|p2a: Malamar|Superpower|p1a: Dudunsparce\n|-supereffective|p1a: Dudunsparce\n|-damage|p1a: Dudunsparce|175/343\n|-boost|p2a: Malamar|atk|1\n|-boost|p2a: Malamar|def|1\n|\n|-heal|p1a: Dudunsparce|196/343|[from] item: Leftovers\n|-damage|p2a: Malamar|258/275 tox|[from] psn\n|upkeep\n|turn|18\n|\n|t:|1791656329\n|move|p1a: Dudunsparce|Boomburst|p2a: Malamar\n|-damage|p2a: Malamar|96/275 tox\n|move|p2a: Malamar|Superpower|p1a: Dudunsparce\n|-supereffective|p1a: Dudunsparce\n|-damage|p1a: Dudunsparce|0 fnt\n|-boost|p2a: Malamar|atk|1\n|-boost|p2a: Malamar|def|1\n|faint|p1a: Dudunsparce\n|\n|-heal|p2a: Malamar|113/275 tox|[from] item: Leftovers\n|-damage|p2a: Malamar|79/275 tox|[from] psn\n|upkeep\n|\n|t:|1791656329\n|switch|p1a: Altaria|Altaria, L89, F|278/278\n|turn|19\n|\n|t:|1791656346\n|move|p1a: Altaria|Brave Bird|p2a: Malamar\n|-damage|p2a: Malamar|21/275 tox\n|-damage|p1a: Altaria|259/278|[from] Recoil\n|move|p2a: Malamar|Rest|p2a: Malamar\n|-status|p2a: Malamar|slp|[from] move: Rest\n|-heal|p2a: Malamar|275/275 slp|[silent]\n|\n|upkeep\n|turn|20\n|\n|t:|1791656368\n|switch|p2a: Swalot|Swalot, L90, F|79/326 brn\n|move|p1a: Altaria|Brave Bird|p2a: Swalot\n|-damage|p2a: Swalot|0 fnt\n|faint|p2a: Swalot\n|-damage|p1a: Altaria|233/278|[from] Recoil\n|\n|upkeep\n|inactive|TheRedRecord7 has 60 seconds left.\n|\n|t:|1791656394\n|switch|p2a: Sneasler|Sneasler, L74, F|240/240\n|turn|21\n|\n|t:|1791656403\n|move|p2a: Sneasler|Dire Claw|p1a: Altaria\n|-damage|p1a: Altaria|122/278\n|-status|p1a: Altaria|par\n|move|p1a: Altaria|Brave Bird|p2a: Sneasler\n|-supereffective|p2a: Sneasler\n|-damage|p2a: Sneasler|0 fnt\n|faint|p2a: Sneasler\n|-damage|p1a: Altaria|43/278 par|[from] Recoil\n|\n|upkeep\n|\n|t:|1791656415\n|switch|p2a: Luvdisc|Luvdisc, M|247/247\n|turn|22\n|\n|t:|1791656428\n|move|p2a: Luvdisc|Substitute|p2a: Luvdisc\n|-start|p2a: Luvdisc|Substitute\n|-damage|p2a: Luvdisc|186/247\n|move|p1a: Altaria|Brave Bird|p2a: Luvdisc\n|-end|p2a: Luvdisc|Substitute\n|-damage|p1a: Altaria|23/278 par|[from] Recoil\n|\n|upkeep\n|turn|23\n|\n|t:|1791656438\n|move|p2a: Luvdisc|Endeavor|p1a: Altaria\n|-immune|p1a: Altaria\n|move|p1a: Altaria|Brave Bird|p2a: Luvdisc\n|-damage|p2a: Luvdisc|54/247\n|-damage|p1a: Altaria|0 fnt|[from] Recoil\n|faint|p1a: Altaria\n|\n|upkeep\n|\n|t:|1791656438\n|switch|p1a: Baxcalibur|Baxcalibur, L75, M|296/296\n|turn|24\n|inactive|TheRedRecord7 has 60 seconds left.\n|\n|t:|1791656458\n|move|p2a: Luvdisc|Substitute|p2a: Luvdisc\n|-fail|p2a: Luvdisc|move: Substitute|[weak]\n|move|p1a: Baxcalibur|Glaive Rush|p2a: Luvdisc\n|-damage|p2a: Luvdisc|0 fnt\n|-singlemove|p1a: Baxcalibur|Glaive Rush|[silent]\n|faint|p2a: Luvdisc\n|\n|upkeep\n|\n|t:|1791656471\n|switch|p2a: Malamar|Malamar, L82, F|275/275 slp\n|turn|25\n|\n|t:|1791656478\n|move|p1a: Baxcalibur|Glaive Rush|p2a: Malamar\n|-damage|p2a: Malamar|121/275 slp\n|-singlemove|p1a: Baxcalibur|Glaive Rush|[silent]\n|cant|p2a: Malamar|slp\n|move|p2a: Malamar|Sleep Talk|p2a: Malamar\n|move|p2a: Malamar|Rest||[from] move: Sleep Talk|[still]\n|-fail|p2a: Malamar\n|\n|-heal|p2a: Malamar|138/275 slp|[from] item: Leftovers\n|upkeep\n|turn|26\n|\n|t:|1791656490\n|move|p1a: Baxcalibur|Glaive Rush|p2a: Malamar\n|-damage|p2a: Malamar|0 fnt\n|-singlemove|p1a: Baxcalibur|Glaive Rush|[silent]\n|faint|p2a: Malamar\n|\n|win|Bunny Easy\n",
	"inputlog": ">start {\"formatid\":\"gen9rprandombattle\",\"seed\":\"sodium,7218690104f5acee7b277d2d24940bc1\",\"rated\":\"Rated battle\"}\n>player p1 {\"name\":\"Bunny Easy\",\"avatar\":\"bunny.png\",\"rating\":1036,\"seed\":\"sodium,729b45e5f64e4fee04f369889008a229\"}\n>player p2 {\"name\":\"TheRedRecord7\",\"avatar\":\"265\",\"rating\":1000,\"seed\":\"sodium,025258d913d09e54718dce65e161ea5a\"}\n>chat ☆Bunny Easy|Good luck! Playing on **easy**.\n>p1 move hypnowhirl\n>p2 move knockoff\n>p1 move hypnowhirl\n>p2 switch 4\n>chat ☆TheRedRecord7|Good luck\n>p1 move hypnowhirl\n>p2 move carrionfeast\n>p1 move hypnowhirl terastallize\n>p2 move carrionfeast\n>p1 move hypnowhirl\n>p2 move superpower\n>p1 switch 6\n>p1 move fireblast\n>p2 switch 2\n>p1 move moonblast\n>p2 move sludgebomb\n>p1 move moonblast\n>p2 move sludgebomb\n>p1 switch 2\n>p1 move waterfall\n>p2 move toxic\n>p1 move earthquake\n>p2 move protect\n>p1 move earthquake\n>p2 switch 3\n>p1 move earthquake\n>p2 move hydropump\n>p1 move earthquake\n>p2 move rapidspin\n>p1 switch 4\n>p2 switch 4\n>p1 move boomburst\n>p2 move closecombat\n>p2 switch 6\n>p1 move boomburst\n>p2 move throatchop\n>p1 move roost\n>p2 switch 2\n>p1 move toxic\n>p2 move superpower\n>p1 move boomburst\n>p2 move superpower\n>p1 switch 3\n>p1 move bravebird\n>p2 move rest\n>p1 move bravebird\n>p2 switch 3\n>p2 switch 2\n>p1 move bravebird\n>p2 move direclaw\n>p2 switch 5\n>p1 move bravebird\n>p2 move substitute\n>p1 move bravebird\n>p2 move endeavor\n>p1 switch 5\n>p1 move glaiverush\n>p2 move substitute\n>p2 switch 3\n>p1 move glaiverush\n>p2 move sleeptalk\n>p1 move glaiverush\n>p2 move sleeptalk",
	"uploadtime": 1791656490
}