{
	"id": "gen9rpou-9-tlj90j",
	"format": "[Gen 9] RP OU",
	"players": [
		"Bunny Stockfish",
		"TheRealWhimsicott"
	],
	"rating": null,
	"log": "|j|☆Bunny Stockfish\n|j|☆TheRealWhimsicott\n|t:|1789762083\n|gametype|singles\n|badge|p1|bronze|gen9rpou|3-3\n|badge|p2|silver|gen9rpou|2-2\n|player|p1|Bunny Stockfish|bunny.png|1335\n|player|p2|TheRealWhimsicott|266|1419\n|gen|9\n|tier|[Gen 9] RP OU\n|rated|\n|rule|HP Percentage Mod: HP is shown in percentages\n|rule|Endless Battle Clause: Forcing endless battles is banned\n|rule|Species Clause: Limit one of each Pokémon\n|rule|OHKO Clause: OHKO moves are banned\n|rule|Evasion Clause: Evasion abilities, items, and moves are banned\n|rule|Evasion Abilities Clause: Evasion abilities are banned\n|rule|Evasion Items Clause: Evasion items are banned\n|rule|Evasion Moves Clause: Evasion moves are banned\n|rule|Sleep Clause Mod: Limit one foe put to sleep\n|clearpoke\n|poke|p1|Walking Wake|\n|poke|p1|Clefable|\n|poke|p1|Iron Treads|\n|poke|p1|Ceruledge|\n|poke|p1|Spiritomb|\n|poke|p1|Alomomola|\n|poke|p2|Kingambit|\n|poke|p2|Haxorus|\n|poke|p2|Pawmot|\n|poke|p2|Glaceon|\n|poke|p2|Tinkaton, F|\n|poke|p2|Corviknight|\n|teampreview\n|c|☆Bunny Stockfish|Good luck! Playing on **stockfish**.\n|\n|t:|1789762086\n|teamsize|p1|6\n|teamsize|p2|6\n|start\n|switch|p1a: Iron Treads|Iron Treads|100/100\n|switch|p2a: Tinkaton|Tinkaton, F|100/100\n|-ability|p2a: Tinkaton|Mold Breaker\n|-item|p2a: Tinkaton|Air Balloon\n|-item|p1a: Iron Treads|Air Balloon\n|turn|1\n|\n|t:|1789762088\n|move|p2a: Tinkaton|Stealth Rock|p1a: Iron Treads\n|-sidestart|p1: Bunny Stockfish|move: Stealth Rock\n|move|p1a: Iron Treads|Stealth Rock|p2a: Tinkaton\n|-sidestart|p2: TheRealWhimsicott|move: Stealth Rock\n|\n|upkeep\n|turn|2\n|\n|t:|1789762091\n|move|p2a: Tinkaton|Encore|p1a: Iron Treads\n|-start|p1a: Iron Treads|Encore\n|move|p1a: Iron Treads|Stealth Rock||[still]\n|-fail|p1a: Iron Treads\n|\n|upkeep\n|turn|3\n|\n|t:|1789762093\n|-end|p1a: Iron Treads|Quark Drive|[silent]\n|switch|p1a: Ceruledge|Ceruledge|100/100\n|move|p2a: Tinkaton|Crag Hammer|p1a: Ceruledge\n|-supereffective|p1a: Ceruledge\n|-damage|p1a: Ceruledge|42/100\n|-unboost|p1a: Ceruledge|def|1\n|-ability|p1a: Ceruledge|Weak Armor|boost\n|-unboost|p1a: Ceruledge|def|1\n|-boost|p1a: Ceruledge|spe|2\n|\n|upkeep\n|turn|4\n|\n|t:|1789762096\n|move|p1a: Ceruledge|Bitter Blade|p2a: Tinkaton\n|-supereffective|p2a: Tinkaton\n|-damage|p2a: Tinkaton|0 fnt\n|-heal|p1a: Ceruledge|96/100|[from] drain|[of] p2a: Tinkaton\n|-enditem|p2a: Tinkaton|Air Balloon\n|faint|p2a: Tinkaton\n|\n|upkeep\n|\n|t:|1789762101\n|switch|p2a: Kingambit|Kingambit|100/100\n|-damage|p2a: Kingambit|94/100|[from] Stealth Rock\n|-activate|p2a: Kingambit|ability: Supreme Overlord\n|-start|p2a: Kingambit|fallen1|[silent]\n|turn|5\n|\n|t:|1789762103\n|move|p2a: Kingambit|Sucker Punch|p1a: Ceruledge\n|-supereffective|p1a: Ceruledge\n|-damage|p1a: Ceruledge|0 fnt\n|faint|p1a: Ceruledge\n|\n|upkeep\n|\n|t:|1789762104\n|switch|p1a: Iron Treads|Iron Treads|100/100\n|-damage|p1a: Iron Treads|97/100|[from] Stealth Rock\n|-item|p1a: Iron Treads|Air Balloon\n|turn|6\n|\n|t:|1789762107\n|-end|p2a: Kingambit|fallen1|[silent]\n|switch|p2a: Corviknight|Corviknight|100/100\n|-damage|p2a: Corviknight|88/100|[from] Stealth Rock\n|-ability|p2a: Corviknight|Pressure\n|-start|p1a: Iron Treads|Dynamax|\n|-heal|p1a: Iron Treads|97/100|[silent]\n|move|p1a: Iron Treads|Max Quake|p2a: Corviknight\n|-immune|p2a: Corviknight\n|\n|-heal|p2a: Corviknight|94/100|[from] item: Leftovers\n|upkeep\n|turn|7\n|\n|t:|1789762109\n|move|p2a: Corviknight|Protect|p2a: Corviknight\n|-singleturn|p2a: Corviknight|Protect\n|move|p1a: Iron Treads|Max Hailstorm|p2a: Corviknight\n|-zbroken|p2a: Corviknight\n|-damage|p2a: Corviknight|88/100\n|-weather|Snowscape\n|\n|-weather|Snowscape|[upkeep]\n|-heal|p2a: Corviknight|95/100|[from] item: Leftovers\n|upkeep\n|turn|8\n|\n|t:|1789762112\n|move|p1a: Iron Treads|Max Hailstorm|p2a: Corviknight\n|-damage|p2a: Corviknight|71/100\n|move|p2a: Corviknight|U-turn|p1a: Iron Treads\n|-resisted|p1a: Iron Treads\n|-crit|p1a: Iron Treads\n|-damage|p1a: Iron Treads|92/100\n|-enditem|p1a: Iron Treads|Air Balloon\n|\n|t:|1789762115\n|switch|p2a: Pawmot|Pawmot|100/100|[from] U-turn\n|-damage|p2a: Pawmot|94/100|[from] Stealth Rock\n|\n|-weather|Snowscape|[upkeep]\n|upkeep\n|-end|p1a: Iron Treads|Dynamax\n|-heal|p1a: Iron Treads|92/100|[silent]\n|turn|9\n|\n|t:|1789762117\n|move|p2a: Pawmot|Close Combat|p1a: Iron Treads\n|-supereffective|p1a: Iron Treads\n|-damage|p1a: Iron Treads|0 fnt\n|-unboost|p2a: Pawmot|def|1\n|-unboost|p2a: Pawmot|spd|1\n|faint|p1a: Iron Treads\n|-end|p1a: Iron Treads|Quark Drive|[silent]\n|\n|-weather|Snowscape|[upkeep]\n|upkeep\n|\n|t:|1789762118\n|switch|p1a: Walking Wake|Walking Wake|100/100\n|-damage|p1a: Walking Wake|88/100|[from] Stealth Rock\n|turn|10\n|\n|t:|1789762124\n|switch|p2a: Corviknight|Corviknight|71/100\n|-damage|p2a: Corviknight|59/100|[from] Stealth Rock\n|-ability|p2a: Corviknight|Pressure\n|move|p1a: Walking Wake|Draco Meteor|p2a: Corviknight\n|-resisted|p2a: Corviknight\n|-damage|p2a: Corviknight|4/100\n|-unboost|p1a: Walking Wake|spa|2\n|\n|-weather|Snowscape|[upkeep]\n|-heal|p2a: Corviknight|10/100|[from] item: Leftovers\n|upkeep\n|turn|11\n|\n|t:|1789762126\n|move|p2a: Corviknight|Protect|p2a: Corviknight\n|-singleturn|p2a: Corviknight|Protect\n|move|p1a: Walking Wake|Draco Meteor|p2a: Corviknight\n|-activate|p2a: Corviknight|move: Protect\n|\n|-weather|none\n|-heal|p2a: Corviknight|16/100|[from] item: Leftovers\n|upkeep\n|turn|12\n|\n|t:|1789762128\n|move|p1a: Walking Wake|Draco Meteor|p2a: Corviknight\n|-resisted|p2a: Corviknight\n|-damage|p2a: Corviknight|0 fnt\n|-unboost|p1a: Walking Wake|spa|2\n|faint|p2a: Corviknight\n|\n|upkeep\n|\n|t:|1789762131\n|switch|p2a: Kingambit|Kingambit|94/100\n|-damage|p2a: Kingambit|88/100|[from] Stealth Rock\n|-activate|p2a: Kingambit|ability: Supreme Overlord\n|-start|p2a: Kingambit|fallen2|[silent]\n|turn|13\n|\n|t:|1789762134\n|move|p1a: Walking Wake|Draco Meteor|p2a: Kingambit\n|-resisted|p2a: Kingambit\n|-damage|p2a: Kingambit|72/100\n|-unboost|p1a: Walking Wake|spa|2\n|move|p2a: Kingambit|Swords Dance|p2a: Kingambit\n|-boost|p2a: Kingambit|atk|2\n|\n|upkeep\n|turn|14\n|\n|t:|1789762136\n|-end|p1a: Walking Wake|Protosynthesis|[silent]\n|switch|p1a: Clefable|Clefable|100/100\n|move|p2a: Kingambit|Swords Dance|p2a: Kingambit\n|-boost|p2a: Kingambit|atk|2\n|\n|upkeep\n|turn|15\n|\n|t:|1789762137\n|move|p1a: Clefable|Calm Mind|p1a: Clefable\n|-boost|p1a: Clefable|spa|1\n|-boost|p1a: Clefable|spd|1\n|move|p2a: Kingambit|Iron Head|p1a: Clefable\n|-supereffective|p1a: Clefable\n|-damage|p1a: Clefable|12/100\n|\n|upkeep\n|turn|16\n|\n|t:|1789762139\n|move|p1a: Clefable|Moonblast|p2a: Kingambit\n|-damage|p2a: Kingambit|28/100\n|move|p2a: Kingambit|Iron Head|p1a: Clefable\n|-supereffective|p1a: Clefable\n|-damage|p1a: Clefable|0 fnt\n|faint|p1a: Clefable\n|\n|upkeep\n|\n|t:|1789762139\n|switch|p1a: Walking Wake|Walking Wake|88/100\n|-damage|p1a: Walking Wake|76/100|[from] Stealth Rock\n|turn|17\n|\n|t:|1789762143\n|move|p2a: Kingambit|Sucker Punch|p1a: Walking Wake\n|-damage|p1a: Walking Wake|0 fnt\n|faint|p1a: Walking Wake\n|-end|p1a: Walking Wake|Protosynthesis|[silent]\n|\n|upkeep\n|\n|t:|1789762143\n|switch|p1a: Alomomola|Alomomola|100/100\n|-damage|p1a: Alomomola|88/100|[from] Stealth Rock\n|turn|18\n|\n|t:|1789762145\n|move|p2a: Kingambit|Sucker Punch|p1a: Alomomola\n|-damage|p1a: Alomomola|0 fnt\n|faint|p1a: Alomomola\n|\n|upkeep\n|\n|t:|1789762145\n|switch|p1a: Spiritomb|Spiritomb|100/100\n|-damage|p1a: Spiritomb|88/100|[from] Stealth Rock\n|turn|19\n|\n|t:|1789762147\n|move|p2a: Kingambit|Sucker Punch|p1a: Spiritomb\n|-ability|p1a: Spiritomb|Keystone Legion\n|-message|The spirits of the keystone shield Spiritomb!\n|-start|p2a: Kingambit|Curse|[of] p1a: Spiritomb\n|-damage|p1a: Spiritomb|1/100\n|move|p1a: Spiritomb|Soul Toll|p2a: Kingambit\n|-resisted|p2a: Kingambit\n|-damage|p2a: Kingambit|0 fnt\n|-heal|p1a: Spiritomb|16/100|[from] drain|[of] p2a: Kingambit\n|faint|p2a: Kingambit\n|-message|A soul joins the legion. Spiritomb's keystone mends!\n|-end|p2a: Kingambit|fallen2|[silent]\n|\n|-heal|p1a: Spiritomb|22/100|[from] item: Leftovers\n|upkeep\n|\n|t:|1789762150\n|switch|p2a: Haxorus|Haxorus|100/100\n|-damage|p2a: Haxorus|88/100|[from] Stealth Rock\n|-ability|p2a: Haxorus|Mold Breaker\n|turn|20\n|\n|t:|1789762152\n|-terastallize|p1a: Spiritomb|Fairy\n|move|p2a: Haxorus|Earthquake|p1a: Spiritomb\n|-damage|p1a: Spiritomb|0 fnt\n|faint|p1a: Spiritomb\n|\n|win|TheRealWhimsicott\n",
	"inputlog": ">start {\"formatid\":\"gen9rpou\",\"seed\":\"sodium,f726c8c0dc52f39b6310173ac7df3588\",\"rated\":\"Rated battle\"}\n>player p1 {\"name\":\"Bunny Stockfish\",\"avatar\":\"bunny.png\",\"team\":\"Walking Wake||ChoiceSpecs|Protosynthesis|HydroSteam,DracoMeteor,WeatherBall,FlipTurn|Modest|,,,252,4,252|N||||,,,,,Water]Clefable||HeavyDutyBoots|Unaware|CalmMind,Moonblast,Moonlight,ThunderWave|Bold|252,,252,,4,|N|,0,,,,|||,,,,,Water]Iron Treads||AirBalloon|QuarkDrive|StealthRock,Earthquake,IceSpinner,RapidSpin|Careful|,252,,,4,252|N||||,,,,,Ghost]Ceruledge||HeavyDutyBoots|WeakArmor|SwordsDance,BitterBlade,ShadowSneak,Poltergeist|Adamant|,252,,,4,252|N||||,,,,,Ghost]Spiritomb||Leftovers|KeystoneLegion|SoulToll,StrengthSap,WillOWisp,PartingShot|Calm|252,,4,,252,|N||||,,,,,Fairy]Alomomola||AssaultVest|Regenerator|FlipTurn,Undertow,Scald,BodySlam|Sassy|252,,4,,252,|N|,,,,,0|||,,,,,Fairy\",\"rating\":1335}\n>player p2 {\"name\":\"TheRealWhimsicott\",\"avatar\":\"266\",\"team\":\"Kingambit||BlackGlasses|SupremeOverlord|KnockOff,IronHead,SuckerPunch,SwordsDance|Adamant|252,252,,,4,|N||||,,,,,Dark]Haxorus||LoadedDice|MoldBreaker|HoneClaws,ScaleShot,Earthquake,IronHead|Jolly|4,252,,,,252|N||||,,,,,Steel]Pawmot||ChoiceBand|IronFist|RevivalBlessing,SparkScamper,CloseCombat,DoubleShock|Jolly|4,252,,,,252|N||||,,,,,Electric]Glaceon||ChoiceSpecs|DiamondDust|EarthPower,FreezeDry,FocusBlast,Blizzard|Modest|,,,252,4,252|N|,0,,,,|||,,,,,Ice]Tinkaton||AirBalloon|MoldBreaker|GigatonHammer,CragHammer,StealthRock,Encore|Jolly|,252,,,4,252|F||||,,,,,Fairy]Corviknight||Leftovers|Pressure|Roost,Uturn,Protect,IronHead|Impish|252,,252,,4,|N||||,,,,,Water\",\"rating\":1419}\n>chat ☆Bunny Stockfish|Good luck! Playing on **stockfish**.\n>p1 team 3, 1, 4, 2, 6, 5\n>p2 team 5, 2, 3, 4, 1, 6\n>p1 move stealthrock\n>p2 move stealthrock\n>p1 move icespinner\n>p2 move encore\n>p1 switch 3\n>p2 move craghammer\n>p1 move bitterblade\n>p2 move craghammer\n>p2 switch 5\n>p1 move bitterblade\n>p2 move suckerpunch\n>p1 switch 3\n>p1 move earthquake dynamax\n>p2 switch 6\n>p1 move icespinner dynamax\n>p2 move protect\n>p1 move icespinner dynamax\n>p2 move uturn\n>p2 switch 3\n>p1 move earthquake\n>p2 move closecombat\n>p1 switch 2\n>p1 move dracometeor\n>p2 switch 3\n>p1 move dracometeor\n>p2 move protect\n>p1 move dracometeor\n>p2 move roost\n>p2 switch 6\n>p1 move dracometeor\n>p2 move swordsdance\n>p1 switch 4\n>p2 move swordsdance\n>p1 move calmmind\n>p2 move ironhead\n>p1 move moonblast\n>p2 move ironhead\n>p1 switch 4\n>p1 move hydrosteam\n>p2 move suckerpunch\n>p1 switch 5\n>p1 move undertow\n>p2 move suckerpunch\n>p1 switch 6\n>p1 move soultoll\n>p2 move suckerpunch\n>p2 switch 2\n>p1 move soultoll terastallize\n>p2 move earthquake",
	"uploadtime": 1789762152
}