{
	"id": "gen9rpou-22-tlj24k",
	"format": "[Gen 9] RP OU",
	"players": [
		"Bunny Stockfish",
		"TheRealWhimsicott"
	],
	"rating": null,
	"log": "|j|☆Bunny Stockfish\n|j|☆TheRealWhimsicott\n|t:|1789685458\n|gametype|singles\n|badge|p1|bronze|gen9rpou|3-3\n|badge|p2|silver|gen9rpou|2-2\n|player|p1|Bunny Stockfish|bunny.png|1334\n|player|p2|TheRealWhimsicott|1|1366\n|gen|9\n|tier|[Gen 9] RP OU\n|rated|\n|rule|HP Percentage Mod: HP is shown in percentages\n|rule|Endless Battle Clause: Forcing endless battles is banned\n|rule|Species Clause: Limit one of each Pokémon\n|rule|OHKO Clause: OHKO moves are banned\n|rule|Evasion Clause: Evasion abilities, items, and moves are banned\n|rule|Evasion Abilities Clause: Evasion abilities are banned\n|rule|Evasion Items Clause: Evasion items are banned\n|rule|Evasion Moves Clause: Evasion moves are banned\n|rule|Sleep Clause Mod: Limit one foe put to sleep\n|clearpoke\n|poke|p1|Ting-Lu|\n|poke|p1|Gholdengo|\n|poke|p1|Spiritomb|\n|poke|p1|Glaceon|\n|poke|p1|Simipour|\n|poke|p1|Togekiss|\n|poke|p2|Kingambit|\n|poke|p2|Haxorus|\n|poke|p2|Pawmot|\n|poke|p2|Glaceon|\n|poke|p2|Tapu Koko|\n|poke|p2|Corviknight|\n|teampreview\n|c|☆Bunny Stockfish|Good luck! Playing on **stockfish**.\n|\n|t:|1789685465\n|teamsize|p1|6\n|teamsize|p2|6\n|start\n|switch|p1a: Ting-Lu|Ting-Lu|100/100\n|switch|p2a: Glaceon|Glaceon|100/100\n|-weather|Snowscape|[from] ability: Diamond Dust|[of] p2a: Glaceon\n|-ability|p1a: Ting-Lu|Vessel of Ruin\n|turn|1\n|\n|t:|1789685474\n|move|p2a: Glaceon|Blizzard|p1a: Ting-Lu\n|-supereffective|p1a: Ting-Lu\n|-damage|p1a: Ting-Lu|19/100\n|-enditem|p1a: Ting-Lu|Red Card|[of] p2a: Glaceon\n|drag|p2a: Tapu Koko|Tapu Koko|100/100\n|-fieldstart|move: Electric Terrain|[from] ability: Electric Surge|[of] p2a: Tapu Koko\n|move|p1a: Ting-Lu|Ruination|p2a: Tapu Koko\n|-damage|p2a: Tapu Koko|50/100\n|\n|-weather|Snowscape|[upkeep]\n|upkeep\n|turn|2\n|\n|t:|1789685481\n|switch|p1a: Glaceon|Glaceon|100/100\n|move|p2a: Tapu Koko|Dazzling Gleam|p1a: Glaceon\n|-crit|p1a: Glaceon\n|-damage|p1a: Glaceon|36/100\n|\n|-weather|Snowscape|[upkeep]\n|upkeep\n|turn|3\n|\n|t:|1789685485\n|move|p1a: Glaceon|Earth Power|p2a: Tapu Koko\n|-supereffective|p2a: Tapu Koko\n|-damage|p2a: Tapu Koko|0 fnt\n|faint|p2a: Tapu Koko\n|-damage|p1a: Glaceon|26/100|[from] item: Life Orb\n|\n|-weather|Snowscape|[upkeep]\n|upkeep\n|\n|t:|1789685489\n|switch|p2a: Kingambit|Kingambit|100/100\n|-activate|p2a: Kingambit|ability: Supreme Overlord\n|-start|p2a: Kingambit|fallen1|[silent]\n|turn|4\n|\n|t:|1789685490\n|move|p2a: Kingambit|Sucker Punch|p1a: Glaceon\n|-damage|p1a: Glaceon|0 fnt\n|faint|p1a: Glaceon\n|\n|-weather|Snowscape|[upkeep]\n|upkeep\n|\n|t:|1789685491\n|switch|p1a: Togekiss|Togekiss|100/100\n|turn|5\n|\n|t:|1789685493\n|-start|p1a: Togekiss|Dynamax|\n|-heal|p1a: Togekiss|100/100|[silent]\n|move|p1a: Togekiss|Max Knuckle|p2a: Kingambit\n|-supereffective|p2a: Kingambit\n|-damage|p2a: Kingambit|0 fnt\n|-boost|p1a: Togekiss|atk|1\n|faint|p2a: Kingambit\n|-end|p2a: Kingambit|fallen1|[silent]\n|\n|-weather|none\n|upkeep\n|\n|t:|1789685498\n|switch|p2a: Pawmot|Pawmot|100/100\n|turn|6\n|\n|t:|1789685500\n|-terastallize|p2a: Pawmot|Electric\n|move|p2a: Pawmot|Double Shock|p1a: Togekiss\n|-supereffective|p1a: Togekiss\n|-damage|p1a: Togekiss|0 fnt\n|-start|p2a: Pawmot|typechange|Electric|[from] move: Double Shock\n|faint|p1a: Togekiss\n|\n|upkeep\n|\n|t:|1789685500\n|switch|p1a: Spiritomb|Spiritomb|100/100\n|turn|7\n|\n|t:|1789685506\n|switch|p2a: Glaceon|Glaceon|100/100\n|-weather|Snowscape|[from] ability: Diamond Dust|[of] p2a: Glaceon\n|move|p1a: Spiritomb|Soul Toll|p2a: Glaceon\n|-damage|p2a: Glaceon|59/100\n|\n|-weather|Snowscape|[upkeep]\n|upkeep\n|turn|8\n|\n|t:|1789685510\n|move|p2a: Glaceon|Blizzard|p1a: Spiritomb\n|-damage|p1a: Spiritomb|49/100\n|-status|p1a: Spiritomb|frz\n|-curestatus|p1a: Spiritomb|frz|[msg]\n|move|p1a: Spiritomb|Soul Toll|p2a: Glaceon\n|-damage|p2a: Glaceon|20/100\n|\n|-weather|Snowscape|[upkeep]\n|-heal|p1a: Spiritomb|55/100|[from] item: Leftovers\n|-fieldend|move: Electric Terrain\n|upkeep\n|turn|9\n|\n|t:|1789685515\n|move|p2a: Glaceon|Blizzard|p1a: Spiritomb\n|-ability|p1a: Spiritomb|Keystone Legion\n|-message|The spirits of the keystone shield Spiritomb!\n|-start|p2a: Glaceon|Curse|[of] p1a: Spiritomb\n|-damage|p1a: Spiritomb|1/100\n|-status|p1a: Spiritomb|frz\n|cant|p1a: Spiritomb|frz\n|\n|-weather|Snowscape|[upkeep]\n|-heal|p1a: Spiritomb|7/100 frz|[from] item: Leftovers\n|-damage|p2a: Glaceon|0 fnt|[from] Curse\n|faint|p2a: Glaceon\n|-message|A soul joins the legion. Spiritomb's keystone mends!\n|upkeep\n|\n|t:|1789685521\n|switch|p2a: Haxorus|Haxorus|100/100\n|-ability|p2a: Haxorus|Mold Breaker\n|turn|10\n|\n|t:|1789685522\n|switch|p1a: Gholdengo|Gholdengo|100/100\n|-item|p1a: Gholdengo|Air Balloon\n|move|p2a: Haxorus|Hone Claws|p2a: Haxorus\n|-boost|p2a: Haxorus|atk|1\n|-boost|p2a: Haxorus|accuracy|1\n|\n|-weather|Snowscape|[upkeep]\n|upkeep\n|turn|11\n|\n|t:|1789685525\n|move|p2a: Haxorus|Scale Shot|p1a: Gholdengo\n|-resisted|p1a: Gholdengo\n|-damage|p1a: Gholdengo|93/100\n|-enditem|p1a: Gholdengo|Air Balloon\n|-resisted|p1a: Gholdengo\n|-damage|p1a: Gholdengo|86/100\n|-resisted|p1a: Gholdengo\n|-damage|p1a: Gholdengo|79/100\n|-resisted|p1a: Gholdengo\n|-damage|p1a: Gholdengo|71/100\n|-resisted|p1a: Gholdengo\n|-damage|p1a: Gholdengo|63/100\n|-hitcount|p1a: Gholdengo|5\n|-unboost|p2a: Haxorus|def|1\n|-boost|p2a: Haxorus|spe|1\n|move|p1a: Gholdengo|Make It Rain|p2a: Haxorus\n|-damage|p2a: Haxorus|19/100\n|-unboost|p1a: Gholdengo|spa|1\n|\n|-weather|none\n|upkeep\n|turn|12\n|\n|t:|1789685529\n|move|p2a: Haxorus|Earthquake|p1a: Gholdengo\n|-supereffective|p1a: Gholdengo\n|-damage|p1a: Gholdengo|0 fnt\n|faint|p1a: Gholdengo\n|\n|upkeep\n|\n|t:|1789685529\n|switch|p1a: Simipour|Simipour|100/100\n|-weather|RainDance|[from] ability: Tidal Surge|[of] p1a: Simipour\n|turn|13\n|\n|t:|1789685533\n|move|p1a: Simipour|U-turn|p2a: Haxorus\n|-damage|p2a: Haxorus|0 fnt\n|faint|p2a: Haxorus\n|\n|t:|1789685533\n|switch|p1a: Ting-Lu|Ting-Lu|19/100|[from] U-turn\n|-ability|p1a: Ting-Lu|Vessel of Ruin\n|\n|-weather|RainDance|[upkeep]\n|upkeep\n|\n|t:|1789685541\n|switch|p2a: Corviknight|Corviknight|100/100\n|-ability|p2a: Corviknight|Pressure\n|turn|14\n|\n|t:|1789685544\n|move|p2a: Corviknight|Iron Head|p1a: Ting-Lu\n|-crit|p1a: Ting-Lu\n|-damage|p1a: Ting-Lu|0 fnt\n|faint|p1a: Ting-Lu\n|\n|-weather|RainDance|[upkeep]\n|upkeep\n|\n|t:|1789685544\n|switch|p1a: Simipour|Simipour|100/100\n|turn|15\n|\n|t:|1789685548\n|-terastallize|p1a: Simipour|Water\n|move|p2a: Corviknight|Protect|p2a: Corviknight\n|-singleturn|p2a: Corviknight|Protect\n|move|p1a: Simipour|Liquidation|p2a: Corviknight\n|-activate|p2a: Corviknight|move: Protect\n|\n|-weather|RainDance|[upkeep]\n|upkeep\n|turn|16\n|\n|t:|1789685555\n|move|p1a: Simipour|Liquidation|p2a: Corviknight\n|-damage|p2a: Corviknight|54/100\n|move|p2a: Corviknight|Roost|p2a: Corviknight\n|-heal|p2a: Corviknight|100/100\n|-singleturn|p2a: Corviknight|move: Roost\n|\n|-weather|RainDance|[upkeep]\n|upkeep\n|turn|17\n|\n|t:|1789685559\n|move|p2a: Corviknight|Protect|p2a: Corviknight\n|-singleturn|p2a: Corviknight|Protect\n|move|p1a: Simipour|Liquidation|p2a: Corviknight\n|-activate|p2a: Corviknight|move: Protect\n|\n|-weather|none\n|upkeep\n|turn|18\n|\n|t:|1789685563\n|move|p1a: Simipour|Liquidation|p2a: Corviknight\n|-damage|p2a: Corviknight|70/100\n|move|p2a: Corviknight|U-turn|p1a: Simipour\n|-damage|p1a: Simipour|74/100\n|\n|t:|1789685566\n|switch|p2a: Pawmot|Pawmot, tera:Electric|100/100|[from] U-turn\n|\n|upkeep\n|turn|19\n|\n|t:|1789685568\n|move|p2a: Pawmot|Spark Scamper|p1a: Simipour\n|-supereffective|p1a: Simipour\n|-damage|p1a: Simipour|0 fnt\n|faint|p1a: Simipour\n|\n|upkeep\n|\n|t:|1789685568\n|switch|p1a: Spiritomb|Spiritomb|7/100 frz\n|turn|20\n|\n|t:|1789685571\n|move|p2a: Pawmot|Spark Scamper|p1a: Spiritomb\n|-ability|p1a: Spiritomb|Keystone Legion\n|-message|The spirits of the keystone shield Spiritomb!\n|-start|p2a: Pawmot|Curse|[of] p1a: Spiritomb\n|-damage|p1a: Spiritomb|1/100 frz\n|cant|p1a: Spiritomb|frz\n|\n|-heal|p1a: Spiritomb|7/100 frz|[from] item: Leftovers\n|-damage|p2a: Pawmot|76/100|[from] Curse\n|upkeep\n|turn|21\n|\n|t:|1789685573\n|move|p2a: Pawmot|Spark Scamper|p1a: Spiritomb\n|-damage|p1a: Spiritomb|0 fnt\n|faint|p1a: Spiritomb\n|\n|win|TheRealWhimsicott\n",
	"inputlog": ">start {\"formatid\":\"gen9rpou\",\"seed\":\"sodium,9802873fc96a647e67d29f033706b5bd\",\"rated\":\"Rated battle\"}\n>player p1 {\"name\":\"Bunny Stockfish\",\"avatar\":\"bunny.png\",\"team\":\"Ting-Lu||RedCard|VesselofRuin|StealthRock,Spikes,Ruination,Whirlwind|Careful|252,,4,,252,|N||||,,,,,Poison]Gholdengo||AirBalloon|GoodasGold|Hex,ThunderWave,Recover,MakeItRain|Bold|252,,196,,,60|N||||,,,,,Water]Spiritomb||Leftovers|KeystoneLegion|SoulToll,StrengthSap,WillOWisp,PartingShot|Calm|252,,4,,252,|N||||,,,,,Fairy]Glaceon||LifeOrb|DiamondDust|Blizzard,EarthPower,SparkScamper,FreezeDry|Timid|,,,252,4,252|N||||,,,,,Ice]Simipour||ChoiceScarf|TidalSurge|TorrentRush,Uturn,KnockOff,Liquidation|Jolly|,252,,,4,252|N||||,,,,,Water]Togekiss||HeavyDutyBoots|SereneGrace|AirSlash,NastyPlot,Roost,AuraSphere|Modest|252,,,252,4,|N||||,,,,,Fairy\",\"rating\":1334}\n>player p2 {\"name\":\"TheRealWhimsicott\",\"avatar\":\"1\",\"team\":\"Kingambit||BlackGlasses|SupremeOverlord|KnockOff,IronHead,SuckerPunch,SwordsDance|Adamant|252,252,,,4,|N||||,,,,,Dark]Haxorus||LoadedDice|MoldBreaker|HoneClaws,ScaleShot,Earthquake,IronHead|Jolly|4,252,,,,252|N||||,,,,,Steel]Pawmot||ChoiceBand|IronFist|RevivalBlessing,SparkScamper,CloseCombat,DoubleShock|Jolly|4,252,,,,252|N||||,,,,,Electric]Glaceon||ChoiceSpecs|DiamondDust|EarthPower,FreezeDry,FocusBlast,Blizzard|Modest|,,,252,4,252|N|,0,,,,|||,,,,,Ice]Tapu Koko||TerrainExtender|ElectricSurge|Uturn,BraveBird,Thunderbolt,DazzlingGleam|Timid|4,,,252,,252|N||||,,,,,Electric]Corviknight||Leftovers|Pressure|Roost,Uturn,Protect,IronHead|Impish|252,,252,,4,|N||||,,,,,Flying\",\"rating\":1366}\n>chat ☆Bunny Stockfish|Good luck! Playing on **stockfish**.\n>p1 team 1, 5, 4, 6, 2, 3\n>p2 team 4, 2, 3, 1, 5, 6\n>p1 move ruination\n>p2 move blizzard\n>p1 switch 3\n>p2 move dazzlinggleam\n>p1 move earthpower\n>p2 move thunderbolt\n>p2 switch 4\n>p1 move earthpower\n>p2 move suckerpunch\n>p1 switch 4\n>p1 move aurasphere dynamax\n>p2 move ironhead\n>p2 switch 3\n>p1 move airslash dynamax\n>p2 move doubleshock terastallize\n>p1 switch 6\n>p1 move soultoll\n>p2 switch 5\n>p1 move soultoll\n>p2 move blizzard\n>p1 move soultoll\n>p2 move blizzard\n>p2 switch 2\n>p1 switch 5\n>p2 move honeclaws\n>p1 move makeitrain\n>p2 move scaleshot\n>p1 move makeitrain\n>p2 move earthquake\n>p1 switch 2\n>p1 move uturn\n>p2 move scaleshot\n>p1 switch 3\n>p2 switch 6\n>p1 move ruination\n>p2 move ironhead\n>p1 switch 3\n>p1 move liquidation terastallize\n>p2 move protect\n>p1 move liquidation\n>p2 move roost\n>p1 move liquidation\n>p2 move protect\n>p1 move liquidation\n>p2 move uturn\n>p2 switch 5\n>p1 move liquidation\n>p2 move sparkscamper\n>p1 switch 5\n>p1 move soultoll\n>p2 move sparkscamper\n>p1 move soultoll\n>p2 move sparkscamper",
	"uploadtime": 1789685573
}