{
	"id": "gen9rpbattle-1-tlsvjp",
	"format": "[Gen 9] RP Battle",
	"players": [
		"Champion Ballsack",
		"simia ignis"
	],
	"rating": null,
	"log": "|j|☆Champion Ballsack\n|j|☆simia ignis\n|t:|1790138406\n|gametype|singles\n|player|p1|Champion Ballsack|cynthia|\n|player|p2|simia ignis|simia-ignis.png|\n|gen|9\n|tier|[Gen 9] RP Battle\n|clearpoke\n|poke|p1|Banette-Mega-Halloween, L18|\n|poke|p1|Spiritomb, L18|\n|poke|p1|Zoroark-Hisui, L18|\n|poke|p1|Mimikyu, L18|\n|poke|p1|Samantha, L1|\n|poke|p1|Eternatus-Eternamax, L1|\n|poke|p2|Flutter Mane, L18|\n|poke|p2|Snorlax, L18|\n|poke|p2|Azumarill, L18|\n|poke|p2|Monferno, L18|\n|poke|p2|Skarmory, L18|\n|poke|p2|Smeargle, L18|\n|teampreview\n|inactive|Battle timer is ON: inactive players will automatically lose when time's up. (requested by Champion Ballsack)\n|c|☆Champion Ballsack|⚠️ TTR can't use held items (they unlock with your first badge) yet (not blocked, so just don't).\n|c|☆Champion Ballsack|🔒 Z-Moves, Dynamax, Terastallization are locked until the story gives TTR the item; the battle won't allow them.\n|c|☆Champion Ballsack|Your Showdown team must match your box: only Pokémon you own, at or below their box leve\n|c|☆Champion Ballsack|I've been waiting for someone like you!\n|\n|t:|1790138412\n|teamsize|p1|6\n|teamsize|p2|6\n|start\n|switch|p1a: Banette|Banette-Mega-Halloween, L18, shiny|100/100\n|switch|p2a: Smeargle|Smeargle, L18|100/100\n|-ability|p1a: Banette|Witching Hour\n|-message|The Witching Hour has struck! Banette's tricks can't be stopped, not even by Dark types!\n|-message|Banette's Poltergeist became Witch's Snatch!\n|turn|1\n|\n|t:|1790138419\n|move|p2a: Smeargle|Spore|p1a: Banette\n|-status|p1a: Banette|slp|[from] move: Spore\n|cant|p1a: Banette|slp\n|\n|-ability|p2a: Smeargle|Moody|boost\n|-boost|p2a: Smeargle|spd|2\n|-unboost|p2a: Smeargle|def|1\n|upkeep\n|turn|2\n|\n|t:|1790138425\n|cant|p1a: Banette|slp\n|move|p2a: Smeargle|Substitute|p2a: Smeargle\n|-start|p2a: Smeargle|Substitute\n|-damage|p2a: Smeargle|75/100\n|\n|-ability|p2a: Smeargle|Moody|boost\n|-boost|p2a: Smeargle|spd|2\n|-unboost|p2a: Smeargle|spa|1\n|upkeep\n|turn|3\n|\n|t:|1790138426\n|move|p2a: Smeargle|Minimize|p2a: Smeargle\n|-boost|p2a: Smeargle|evasion|2\n|-curestatus|p1a: Banette|slp|[msg]\n|move|p1a: Banette|Witch's Snatch|p2a: Smeargle|[miss]\n|-miss|p1a: Banette|p2a: Smeargle\n|\n|-ability|p2a: Smeargle|Moody|boost\n|-boost|p2a: Smeargle|spd|2\n|-unboost|p2a: Smeargle|spe|1\n|upkeep\n|turn|4\n|j|&SlimeQueenSamantha\n|\n|t:|1790138434\n|move|p1a: Banette|Witch's Snatch|p2a: Smeargle\n|-end|p2a: Smeargle|Substitute\n|move|p2a: Smeargle|Spore|p1a: Banette\n|-status|p1a: Banette|slp|[from] move: Spore\n|\n|-ability|p2a: Smeargle|Moody|boost\n|-boost|p2a: Smeargle|spa|2\n|-unboost|p2a: Smeargle|spe|1\n|upkeep\n|turn|5\n|\n|t:|1790138438\n|cant|p1a: Banette|slp\n|move|p2a: Smeargle|Substitute|p2a: Smeargle\n|-start|p2a: Smeargle|Substitute\n|-damage|p2a: Smeargle|50/100\n|\n|-ability|p2a: Smeargle|Moody|boost\n|-boost|p2a: Smeargle|def|2\n|-unboost|p2a: Smeargle|spa|1\n|upkeep\n|turn|6\n|\n|t:|1790138439\n|-curestatus|p1a: Banette|slp|[msg]\n|move|p1a: Banette|Witch's Snatch|p2a: Smeargle\n|-end|p2a: Smeargle|Substitute\n|move|p2a: Smeargle|Minimize|p2a: Smeargle\n|-boost|p2a: Smeargle|evasion|2\n|\n|-ability|p2a: Smeargle|Moody|boost\n|-boost|p2a: Smeargle|spa|2\n|-unboost|p2a: Smeargle|atk|1\n|upkeep\n|turn|7\n|\n|t:|1790138444\n|move|p1a: Banette|Witch's Snatch|p2a: Smeargle|[miss]\n|-miss|p1a: Banette|p2a: Smeargle\n|move|p2a: Smeargle|Spore|p1a: Banette\n|-status|p1a: Banette|slp|[from] move: Spore\n|\n|-ability|p2a: Smeargle|Moody|boost\n|-boost|p2a: Smeargle|def|2\n|-unboost|p2a: Smeargle|atk|1\n|upkeep\n|turn|8\n|\n|t:|1790138448\n|cant|p1a: Banette|slp\n|move|p2a: Smeargle|Substitute|p2a: Smeargle\n|-start|p2a: Smeargle|Substitute\n|-damage|p2a: Smeargle|25/100\n|\n|-ability|p2a: Smeargle|Moody|boost\n|-boost|p2a: Smeargle|spe|2\n|-unboost|p2a: Smeargle|def|1\n|upkeep\n|turn|9\n|\n|t:|1790138456\n|move|p2a: Smeargle|Minimize|p2a: Smeargle\n|-boost|p2a: Smeargle|evasion|2\n|cant|p1a: Banette|slp\n|\n|-ability|p2a: Smeargle|Moody|boost\n|-boost|p2a: Smeargle|spe|2\n|-unboost|p2a: Smeargle|spd|1\n|upkeep\n|turn|10\n|\n|t:|1790138465\n|move|p2a: Smeargle|Baton Pass|p2a: Smeargle\n|\n|t:|1790138466\n|switch|p2a: Flutter Mane|Flutter Mane, L18, shiny|100/100|[from] Baton Pass\n|cant|p1a: Banette|slp\n|\n|upkeep\n|turn|11\n|\n|t:|1790138469\n|move|p2a: Flutter Mane|Shadow Ball|p1a: Banette\n|-damage|p1a: Banette|0 fnt\n|faint|p1a: Banette\n|\n|upkeep\n|\n|t:|1790138470\n|switch|p1a: Spiritomb|Spiritomb, L18|100/100\n|turn|12\n|\n|t:|1790138474\n|move|p2a: Flutter Mane|Moonblast|p1a: Spiritomb\n|-supereffective|p1a: Spiritomb\n|-ability|p1a: Spiritomb|Keystone Legion\n|-message|The spirits of the keystone shield Spiritomb!\n|-start|p2a: Flutter Mane|Curse|[of] p1a: Spiritomb\n|-damage|p1a: Spiritomb|2/100\n|-unboost|p1a: Spiritomb|spa|1\n|move|p1a: Spiritomb|Soul Toll|p2a: Flutter Mane\n|-supereffective|p2a: Flutter Mane\n|-end|p2a: Flutter Mane|Substitute\n|-heal|p1a: Spiritomb|13/100|[from] drain|[of] p2a: Flutter Mane\n|\n|-heal|p1a: Spiritomb|19/100|[from] item: Leftovers\n|-damage|p2a: Flutter Mane|76/100|[from] Curse\n|upkeep\n|turn|13\n|\n|t:|1790138479\n|move|p1a: Spiritomb|Soul Toll|p2a: Flutter Mane|[miss]\n|-miss|p1a: Spiritomb|p2a: Flutter Mane\n|move|p2a: Flutter Mane|Mystical Fire|p1a: Spiritomb\n|-damage|p1a: Spiritomb|0 fnt\n|faint|p1a: Spiritomb\n|\n|-damage|p2a: Flutter Mane|51/100|[from] Curse\n|upkeep\n|\n|t:|1790138479\n|switch|p1a: Mimikyu|Mimikyu, L18|100/100\n|turn|14\n|\n|t:|1790138483\n|move|p2a: Flutter Mane|Shadow Ball|p1a: Mimikyu\n|-activate|p1a: Mimikyu|ability: Disguise\n|-damage|p1a: Mimikyu|100/100\n|detailschange|p1a: Mimikyu|Mimikyu-Busted, L18\n|-damage|p1a: Mimikyu|89/100|[from] pokemon: Mimikyu-Busted\n|move|p1a: Mimikyu|Shadow Claw|p2a: Flutter Mane\n|-supereffective|p2a: Flutter Mane\n|-damage|p2a: Flutter Mane|0 fnt\n|faint|p2a: Flutter Mane\n|-end|p2a: Flutter Mane|Protosynthesis|[silent]\n|-damage|p1a: Mimikyu|79/100|[from] item: Life Orb\n|\n|upkeep\n|\n|t:|1790138496\n|switch|p2a: Azumarill|Azumarill, L18|100/100\n|turn|15\n|\n|t:|1790138498\n|move|p1a: Mimikyu|Swords Dance|p1a: Mimikyu\n|-boost|p1a: Mimikyu|atk|2\n|move|p2a: Azumarill|Knock Off|p1a: Mimikyu\n|-damage|p1a: Mimikyu|25/100\n|-enditem|p1a: Mimikyu|Life Orb|[from] move: Knock Off|[of] p2a: Azumarill\n|\n|upkeep\n|turn|16\n|\n|t:|1790138502\n|move|p1a: Mimikyu|Play Rough|p2a: Azumarill\n|-damage|p2a: Azumarill|32/100\n|move|p2a: Azumarill|Liquidation|p1a: Mimikyu\n|-damage|p1a: Mimikyu|0 fnt\n|faint|p1a: Mimikyu\n|\n|upkeep\n|\n|t:|1790138502\n|switch|p1a: Not Rigged|Eternatus-Eternamax, L18|100/100\n|turn|17\n|\n|t:|1790138506\n|move|p1a: Not Rigged|Hyper Voice|p2a: Azumarill\n|-damage|p2a: Azumarill|0 fnt\n|faint|p2a: Azumarill\n|\n|upkeep\n|\n|t:|1790138511\n|switch|p2a: Snorlax|Snorlax, L18|100/100\n|turn|18\n|\n|t:|1790138512\n|move|p1a: Not Rigged|Hyper Voice|p2a: Snorlax\n|-damage|p2a: Snorlax|74/100\n|move|p2a: Snorlax|Earthquake|p1a: Not Rigged\n|-damage|p1a: Not Rigged|47/100\n|replace|p1a: Zoroark|Zoroark-Hisui, L18\n|-end|p1a: Zoroark|Illusion\n|\n|upkeep\n|turn|19\n|\n|t:|1790138518\n|move|p1a: Zoroark|Hyper Voice|p2a: Snorlax\n|-damage|p2a: Snorlax|45/100\n|move|p2a: Snorlax|Earthquake|p1a: Zoroark\n|-damage|p1a: Zoroark|2/100\n|\n|upkeep\n|turn|20\n|\n|t:|1790138522\n|move|p1a: Zoroark|Hyper Voice|p2a: Snorlax\n|-damage|p2a: Snorlax|18/100\n|move|p2a: Snorlax|Earthquake|p1a: Zoroark\n|-damage|p1a: Zoroark|0 fnt\n|faint|p1a: Zoroark\n|\n|upkeep\n|\n|t:|1790138522\n|switch|p1a: Trainer Fr|Samantha, L1|100/100\n|-transform|p1a: Trainer Fr|p2a: Snorlax|[from] ability: Queen's Morph\n|-ability|p1a: Trainer Fr|Queen's Morph|boost\n|-boost|p1a: Trainer Fr|spe|6\n|-message|Trainer Fr wears Snorlax's shape, and wears it faster.\n|-start|p1a: Trainer Fr|ability: Queen's Morph\n|turn|21\n|\n|t:|1790138529\n|switch|p2a: Skarmory|Skarmory, L18|100/100\n|move|p1a: Trainer Fr|Earthquake|p2a: Skarmory\n|-immune|p2a: Skarmory\n|\n|upkeep\n|turn|22\n|\n|t:|1790138533\n|move|p1a: Trainer Fr|Body Slam|p2a: Skarmory\n|-resisted|p2a: Skarmory\n|-damage|p2a: Skarmory|93/100\n|move|p2a: Skarmory|Iron Defense|p2a: Skarmory\n|-boost|p2a: Skarmory|def|2\n|\n|upkeep\n|turn|23\n|\n|t:|1790138539\n|move|p1a: Trainer Fr|Curse|p1a: Trainer Fr\n|-unboost|p1a: Trainer Fr|spe|1\n|-boost|p1a: Trainer Fr|atk|1\n|-boost|p1a: Trainer Fr|def|1\n|move|p2a: Skarmory|Body Press|p1a: Trainer Fr\n|-supereffective|p1a: Trainer Fr\n|-message|Trainer Fr is unharmed - the blow barely lands.\n|-ability|p1a: Trainer Fr|Queen's Morph\n|-message|Trainer Fr refuses to fall.\n|-damage|p1a: Trainer Fr|7/100\n|\n|upkeep\n|turn|24\n|\n|t:|1790138540\n|move|p1a: Trainer Fr|Curse|p1a: Trainer Fr\n|-unboost|p1a: Trainer Fr|spe|1\n|-boost|p1a: Trainer Fr|atk|1\n|-boost|p1a: Trainer Fr|def|1\n|move|p2a: Skarmory|Body Press|p1a: Trainer Fr\n|-supereffective|p1a: Trainer Fr\n|-damage|p1a: Trainer Fr|0 fnt\n|faint|p1a: Trainer Fr\n|\n|upkeep\n|\n|t:|1790138540\n|switch|p1a: Not Rigged|Eternatus-Eternamax, L1|100/100\n|-ability|p1a: Not Rigged|Pressure\n|turn|25\n|\n|t:|1790138543\n|move|p2a: Skarmory|Body Press|p1a: Not Rigged\n|-resisted|p1a: Not Rigged\n|-damage|p1a: Not Rigged|0 fnt\n|faint|p1a: Not Rigged\n|\n|win|simia ignis\n",
	"inputlog": ">start {\"formatid\":\"gen9rpbattle\",\"seed\":\"sodium,03f63da995ea11f755a8694ec7d007ee\"}\n>player p1 {\"name\":\"Champion Ballsack\",\"avatar\":\"cynthia\",\"team\":\"Banette|BanetteMegaHalloween|BanettiteHalloween|WitchingHour|Poltergeist,ShadowSneak,Encore,Disable|Lonely|252,252,252,252,252,252|N|8,8,8,8,8,8|S|18|,,,,,Ghost]Spiritomb||Leftovers|KeystoneLegion|SoulToll,WillOWisp,StrengthSap,PartingShot|Gentle|252,252,252,252,252,252|N|8,8,8,8,8,8||18|,,,,,Ghost]Zoroark|ZoroarkHisui|HeavyDutyBoots|Illusion|BitterMalice,Flamethrower,HyperVoice,Uturn|Quirky|252,252,252,252,252,252|N|8,8,8,8,8,8||18|,,,,,Normal]Mimikyu||LifeOrb|Disguise|SwordsDance,ShadowSneak,PlayRough,ShadowClaw|Rash|252,252,252,252,252,252|N|8,8,8,8,8,8||18|,,,,,Ghost]Trainer Fr|Samantha|LightBall|QueensMorph|QueensDance,QueenBeam,QueensHeal,AstralBarrage|Naive|252,252,252,252,252,252|N|8,8,8,8,8,8||1|,,,,,Dark]Not Rigged|EternatusEternamax|Leftovers|Pressure|DynamaxCannon,Eternabeam,BodySlam,DracoMeteor|Adamant|252,252,252,252,252,252|N|8,8,8,8,8,8||1|,,,,,Poison\",\"rating\":0}\n>player p2 {\"name\":\"simia ignis\",\"avatar\":\"simia-ignis.png\",\"team\":\"Flutter Mane|||Protosynthesis|Moonblast,ShadowBall,MysticalFire,CalmMind|Timid|,,,252,4,252|N|,0,,,,|S|18|,,,,,Ghost]Snorlax|||ThickFat|BodySlam,Curse,Rest,Earthquake|Adamant|252,252,,,4,|N|||18|,,,,,Normal]Azumarill|||HugePower|Liquidation,PlayRough,Superpower,KnockOff|Adamant|252,252,,,4,|N|||18|,,,,,Water]Monferno|||KindlingCrown|FlareBlitz,Uturn,CloseCombat,Acrobatics|Jolly|,252,,,4,252|N|||18|,,,,,Fire]Skarmory|||Sturdy|Roost,BodyPress,IronDefense,Spikes|Serious|252,252,252,252,252,252|N|,0,,,,||18|,,,,,Steel]Smeargle|||Moody|Substitute,BatonPass,Spore,Minimize|Jolly|252,,4,,,252|N|,0,,,,||18|,,,,,Normal\",\"rating\":0}\n>chat ☆Champion Ballsack|⚠️ TTR can't use held items (they unlock with your first badge) yet (not blocked, so just don't).\n>chat ☆Champion Ballsack|🔒 Z-Moves, Dynamax, Terastallization are locked until the story gives TTR the item; the battle won't allow them.\n>chat ☆Champion Ballsack|Your Showdown team must match your box: only Pokémon you own, at or below their box leve\n>chat ☆Champion Ballsack|I've been waiting for someone like you!\n>p1 team 1, 3, 4, 2, 5, 6\n>p2 team 6, 2, 3, 4, 5, 1\n>p1 move witchssnatch\n>p2 move spore\n>p1 move shadowsneak\n>p2 move substitute\n>p1 move witchssnatch\n>p2 move minimize\n>p1 move witchssnatch\n>p2 move spore\n>p1 move witchssnatch\n>p2 move substitute\n>p1 move witchssnatch\n>p2 move minimize\n>p1 move witchssnatch\n>p2 move spore\n>p1 move witchssnatch\n>p2 move substitute\n>p1 move witchssnatch\n>p2 move minimize\n>p1 move witchssnatch\n>p2 move batonpass\n>p2 switch 6\n>p1 move witchssnatch\n>p2 move shadowball\n>p1 switch 4\n>p1 move soultoll\n>p2 move moonblast\n>p1 move soultoll\n>p2 move mysticalfire\n>p1 switch 3\n>p1 move shadowclaw\n>p2 move shadowball\n>p2 switch 3\n>p1 move swordsdance\n>p2 move knockoff\n>p1 move playrough\n>p2 move liquidation\n>p1 switch 2\n>p1 move hypervoice\n>p2 move playrough\n>p2 switch 2\n>p1 move hypervoice\n>p2 move earthquake\n>p1 move hypervoice\n>p2 move earthquake\n>p1 move hypervoice\n>p2 move earthquake\n>p1 switch 5\n>p1 move earthquake\n>p2 switch 5\n>p1 move bodyslam\n>p2 move irondefense\n>p1 move curse\n>p2 move bodypress\n>p1 move curse\n>p2 move bodypress\n>p1 switch 6\n>p1 move dracometeor\n>p2 move bodypress",
	"uploadtime": 1790138543
}