{
	"id": "gen9rpou-7-tlj90j",
	"format": "[Gen 9] RP OU",
	"players": [
		"Bunny Stockfish",
		"TheRealWhimsicott"
	],
	"rating": null,
	"log": "|j|☆Bunny Stockfish\n|j|☆TheRealWhimsicott\n|t:|1789761870\n|gametype|singles\n|badge|p1|bronze|gen9rpou|3-3\n|badge|p2|silver|gen9rpou|2-2\n|player|p1|Bunny Stockfish|bunny.png|1332\n|player|p2|TheRealWhimsicott|266|1428\n|gen|9\n|tier|[Gen 9] RP OU\n|rated|\n|rule|HP Percentage Mod: HP is shown in percentages\n|rule|Endless Battle Clause: Forcing endless battles is banned\n|rule|Species Clause: Limit one of each Pokémon\n|rule|OHKO Clause: OHKO moves are banned\n|rule|Evasion Clause: Evasion abilities, items, and moves are banned\n|rule|Evasion Abilities Clause: Evasion abilities are banned\n|rule|Evasion Items Clause: Evasion items are banned\n|rule|Evasion Moves Clause: Evasion moves are banned\n|rule|Sleep Clause Mod: Limit one foe put to sleep\n|clearpoke\n|poke|p1|Empoleon|\n|poke|p1|Simipour|\n|poke|p1|Hatterene|\n|poke|p1|Glaceon|\n|poke|p1|Rillaboom|\n|poke|p1|Dragonite|\n|poke|p2|Kingambit|\n|poke|p2|Haxorus|\n|poke|p2|Pawmot|\n|poke|p2|Glaceon|\n|poke|p2|Tinkaton, F|\n|poke|p2|Corviknight|\n|teampreview\n|c|☆Bunny Stockfish|Good luck! Playing on **stockfish**.\n|\n|t:|1789761877\n|teamsize|p1|6\n|teamsize|p2|6\n|start\n|switch|p1a: Dragonite|Dragonite|100/100\n|switch|p2a: Pawmot|Pawmot|100/100\n|turn|1\n|\n|t:|1789761882\n|switch|p2a: Tinkaton|Tinkaton, F|100/100\n|-ability|p2a: Tinkaton|Mold Breaker\n|-item|p2a: Tinkaton|Air Balloon\n|-start|p1a: Dragonite|Dynamax|\n|-heal|p1a: Dragonite|100/100|[silent]\n|move|p1a: Dragonite|Max Wyrmwind|p2a: Tinkaton\n|-immune|p2a: Tinkaton\n|\n|upkeep\n|turn|2\n|\n|t:|1789761886\n|move|p2a: Tinkaton|Encore||[still]\n|-fail|p2a: Tinkaton\n|move|p1a: Dragonite|Max Flare|p2a: Tinkaton\n|-supereffective|p2a: Tinkaton\n|-damage|p2a: Tinkaton|0 fnt\n|-weather|SunnyDay\n|-enditem|p2a: Tinkaton|Air Balloon\n|faint|p2a: Tinkaton\n|\n|-weather|SunnyDay|[upkeep]\n|upkeep\n|\n|t:|1789761893\n|switch|p2a: Glaceon|Glaceon|100/100\n|-weather|Snowscape|[from] ability: Diamond Dust|[of] p2a: Glaceon\n|turn|3\n|\n|t:|1789761896\n|move|p2a: Glaceon|Blizzard|p1a: Dragonite\n|-supereffective|p1a: Dragonite\n|-damage|p1a: Dragonite|9/100\n|move|p1a: Dragonite|Max Flare|p2a: Glaceon\n|-supereffective|p2a: Glaceon\n|-damage|p2a: Glaceon|27/100\n|-weather|SunnyDay\n|\n|-weather|SunnyDay|[upkeep]\n|upkeep\n|-end|p1a: Dragonite|Dynamax\n|-heal|p1a: Dragonite|9/100|[silent]\n|turn|4\n|\n|t:|1789761903\n|switch|p2a: Pawmot|Pawmot|100/100\n|move|p1a: Dragonite|Outrage|p2a: Pawmot\n|-damage|p2a: Pawmot|0 fnt\n|faint|p2a: Pawmot\n|\n|-weather|SunnyDay|[upkeep]\n|upkeep\n|\n|t:|1789761905\n|switch|p2a: Glaceon|Glaceon|27/100\n|-weather|Snowscape|[from] ability: Diamond Dust|[of] p2a: Glaceon\n|turn|5\n|\n|t:|1789761907\n|move|p2a: Glaceon|Blizzard|p1a: Dragonite\n|-supereffective|p1a: Dragonite\n|-damage|p1a: Dragonite|0 fnt\n|faint|p1a: Dragonite\n|\n|-weather|Snowscape|[upkeep]\n|upkeep\n|\n|t:|1789761908\n|switch|p1a: Empoleon|Empoleon|100/100\n|turn|6\n|\n|t:|1789761910\n|switch|p2a: Corviknight|Corviknight|100/100\n|-ability|p2a: Corviknight|Pressure\n|move|p1a: Empoleon|Imperial Torrent|p2a: Corviknight\n|-damage|p2a: Corviknight|52/100\n|\n|-weather|Snowscape|[upkeep]\n|-heal|p2a: Corviknight|59/100|[from] item: Leftovers\n|upkeep\n|turn|7\n|\n|t:|1789761912\n|move|p2a: Corviknight|Protect|p2a: Corviknight\n|-singleturn|p2a: Corviknight|Protect\n|move|p1a: Empoleon|Imperial Torrent|p2a: Corviknight\n|-activate|p2a: Corviknight|move: Protect\n|\n|-weather|Snowscape|[upkeep]\n|-heal|p2a: Corviknight|65/100|[from] item: Leftovers\n|upkeep\n|turn|8\n|\n|t:|1789761914\n|move|p2a: Corviknight|Roost|p2a: Corviknight\n|-heal|p2a: Corviknight|100/100\n|-singleturn|p2a: Corviknight|move: Roost\n|move|p1a: Empoleon|Imperial Torrent|p2a: Corviknight\n|-damage|p2a: Corviknight|52/100\n|\n|-weather|Snowscape|[upkeep]\n|-heal|p2a: Corviknight|58/100|[from] item: Leftovers\n|upkeep\n|turn|9\n|\n|t:|1789761916\n|move|p2a: Corviknight|Protect|p2a: Corviknight\n|-singleturn|p2a: Corviknight|Protect\n|move|p1a: Empoleon|Imperial Torrent|p2a: Corviknight\n|-activate|p2a: Corviknight|move: Protect\n|\n|-weather|none\n|-heal|p2a: Corviknight|65/100|[from] item: Leftovers\n|upkeep\n|turn|10\n|\n|t:|1789761918\n|move|p2a: Corviknight|Iron Head|p1a: Empoleon\n|-resisted|p1a: Empoleon\n|-damage|p1a: Empoleon|95/100\n|move|p1a: Empoleon|Stealth Rock|p2a: Corviknight\n|-sidestart|p2: TheRealWhimsicott|move: Stealth Rock\n|\n|-heal|p2a: Corviknight|71/100|[from] item: Leftovers\n|-heal|p1a: Empoleon|100/100|[from] item: Leftovers\n|upkeep\n|turn|11\n|\n|t:|1789761921\n|move|p2a: Corviknight|Iron Head|p1a: Empoleon\n|-resisted|p1a: Empoleon\n|-damage|p1a: Empoleon|95/100\n|cant|p1a: Empoleon|flinch\n|\n|-heal|p2a: Corviknight|77/100|[from] item: Leftovers\n|-heal|p1a: Empoleon|100/100|[from] item: Leftovers\n|upkeep\n|turn|12\n|\n|t:|1789761923\n|move|p2a: Corviknight|Iron Head|p1a: Empoleon\n|-resisted|p1a: Empoleon\n|-damage|p1a: Empoleon|94/100\n|move|p1a: Empoleon|Royal Decree|p2a: Corviknight\n|-sidestart|p2: TheRealWhimsicott|Spikes\n|drag|p2a: Kingambit|Kingambit|100/100\n|-damage|p2a: Kingambit|94/100|[from] Stealth Rock\n|-damage|p2a: Kingambit|82/100|[from] Spikes\n|-activate|p2a: Kingambit|ability: Supreme Overlord\n|-start|p2a: Kingambit|fallen2|[silent]\n|\n|-heal|p1a: Empoleon|100/100|[from] item: Leftovers\n|upkeep\n|turn|13\n|\n|t:|1789761928\n|move|p2a: Kingambit|Knock Off|p1a: Empoleon\n|-damage|p1a: Empoleon|24/100\n|-enditem|p1a: Empoleon|Leftovers|[from] move: Knock Off|[of] p2a: Kingambit\n|move|p1a: Empoleon|Royal Decree|p2a: Kingambit\n|-sidestart|p2: TheRealWhimsicott|Spikes\n|-end|p2a: Kingambit|fallen2|[silent]\n|drag|p2a: Corviknight|Corviknight|77/100\n|-damage|p2a: Corviknight|65/100|[from] Stealth Rock\n|-ability|p2a: Corviknight|Pressure\n|\n|-heal|p2a: Corviknight|71/100|[from] item: Leftovers\n|upkeep\n|turn|14\n|\n|t:|1789761933\n|switch|p1a: Glaceon|Glaceon|100/100\n|-weather|Snowscape|[from] ability: Diamond Dust|[of] p1a: Glaceon\n|move|p2a: Corviknight|U-turn|p1a: Glaceon\n|-damage|p1a: Glaceon|89/100\n|\n|t:|1789761935\n|switch|p2a: Kingambit|Kingambit|82/100|[from] U-turn\n|-damage|p2a: Kingambit|76/100|[from] Stealth Rock\n|-damage|p2a: Kingambit|59/100|[from] Spikes\n|-activate|p2a: Kingambit|ability: Supreme Overlord\n|-start|p2a: Kingambit|fallen2|[silent]\n|\n|-weather|Snowscape|[upkeep]\n|upkeep\n|turn|15\n|\n|t:|1789761940\n|move|p1a: Glaceon|Earth Power|p2a: Kingambit\n|-supereffective|p2a: Kingambit\n|-damage|p2a: Kingambit|0 fnt\n|faint|p2a: Kingambit\n|-end|p2a: Kingambit|fallen2|[silent]\n|-damage|p1a: Glaceon|79/100|[from] item: Life Orb\n|\n|-weather|Snowscape|[upkeep]\n|upkeep\n|\n|t:|1789761944\n|switch|p2a: Corviknight|Corviknight|71/100\n|-damage|p2a: Corviknight|58/100|[from] Stealth Rock\n|-ability|p2a: Corviknight|Pressure\n|turn|16\n|\n|t:|1789761945\n|move|p2a: Corviknight|Protect|p2a: Corviknight\n|-singleturn|p2a: Corviknight|Protect\n|move|p1a: Glaceon|Blizzard|p2a: Corviknight\n|-activate|p2a: Corviknight|move: Protect\n|\n|-weather|Snowscape|[upkeep]\n|-heal|p2a: Corviknight|65/100|[from] item: Leftovers\n|upkeep\n|turn|17\n|\n|t:|1789761947\n|-terastallize|p1a: Glaceon|Ice\n|move|p1a: Glaceon|Blizzard|p2a: Corviknight\n|-damage|p2a: Corviknight|0 fnt\n|faint|p2a: Corviknight\n|-damage|p1a: Glaceon|69/100|[from] item: Life Orb\n|\n|-weather|Snowscape|[upkeep]\n|upkeep\n|\n|t:|1789761958\n|switch|p2a: Haxorus|Haxorus|100/100\n|-damage|p2a: Haxorus|88/100|[from] Stealth Rock\n|-damage|p2a: Haxorus|72/100|[from] Spikes\n|-ability|p2a: Haxorus|Mold Breaker\n|turn|18\n|\n|t:|1789761964\n|-terastallize|p2a: Haxorus|Steel\n|move|p1a: Glaceon|Blizzard|p2a: Haxorus\n|-resisted|p2a: Haxorus\n|-damage|p2a: Haxorus|0 fnt\n|faint|p2a: Haxorus\n|-damage|p1a: Glaceon|59/100|[from] item: Life Orb\n|\n|-weather|none\n|upkeep\n|\n|t:|1789761970\n|switch|p2a: Glaceon|Glaceon|27/100\n|-damage|p2a: Glaceon|3/100|[from] Stealth Rock\n|-damage|p2a: Glaceon|0 fnt|[from] Spikes\n|faint|p2a: Glaceon\n|\n|win|Bunny Stockfish\n",
	"inputlog": ">start {\"formatid\":\"gen9rpou\",\"seed\":\"sodium,0858b27bef76b4a8b42ffde232e26117\",\"rated\":\"Rated battle\"}\n>player p1 {\"name\":\"Bunny Stockfish\",\"avatar\":\"bunny.png\",\"team\":\"Empoleon||Leftovers|EmperorsPride|ImperialTorrent,Roost,StealthRock,RoyalDecree|Calm|252,,4,,252,|N||||,,,,,Flying]Simipour||ChoiceScarf|TidalSurge|TorrentRush,Uturn,FlipTurn,Liquidation|Jolly|,252,,,4,252|N||||,,,,,Water]Hatterene||Leftovers|MagicBounce|CalmMind,DrainingKiss,PsychicNoise,MysticalFire|Bold|252,,204,,,52|N||||,,,,,Water]Glaceon||LifeOrb|DiamondDust|Blizzard,EarthPower,SparkScamper,FreezeDry|Timid|,,,252,4,252|N||||,,,,,Ice]Rillaboom||ChoiceBand|GrassySurge|GrassyGlide,WoodHammer,Uturn,KnockOff|Adamant|,252,4,,,252|N||||,,,G,,Grass]Dragonite||ChoiceBand|Multiscale|Outrage,ExtremeSpeed,IceSpinner,FirePunch|Adamant|,252,4,,,252|N||||,,,,,Normal\",\"rating\":1332}\n>player p2 {\"name\":\"TheRealWhimsicott\",\"avatar\":\"266\",\"team\":\"Kingambit||BlackGlasses|SupremeOverlord|KnockOff,IronHead,SuckerPunch,SwordsDance|Adamant|252,252,,,4,|N||||,,,,,Dark]Haxorus||LoadedDice|MoldBreaker|HoneClaws,ScaleShot,Earthquake,IronHead|Jolly|4,252,,,,252|N||||,,,,,Steel]Pawmot||ChoiceBand|IronFist|RevivalBlessing,SparkScamper,CloseCombat,DoubleShock|Jolly|4,252,,,,252|N||||,,,,,Electric]Glaceon||ChoiceSpecs|DiamondDust|EarthPower,FreezeDry,FocusBlast,Blizzard|Modest|,,,252,4,252|N|,0,,,,|||,,,,,Ice]Tinkaton||AirBalloon|MoldBreaker|GigatonHammer,CragHammer,StealthRock,Encore|Jolly|,252,,,4,252|F||||,,,,,Fairy]Corviknight||Leftovers|Pressure|Roost,Uturn,Protect,IronHead|Impish|252,,252,,4,|N||||,,,,,Flying\",\"rating\":1428}\n>chat ☆Bunny Stockfish|Good luck! Playing on **stockfish**.\n>p1 team 6, 2, 5, 4, 1, 3\n>p2 team 3, 2, 1, 4, 5, 6\n>p1 move outrage dynamax\n>p2 switch 5\n>p1 move firepunch dynamax\n>p2 move encore\n>p2 switch 4\n>p1 move firepunch dynamax\n>p2 move blizzard\n>p1 move outrage\n>p2 switch 5\n>p2 switch 5\n>p1 move outrage\n>p2 move blizzard\n>p1 switch 5\n>p1 move imperialtorrent\n>p2 switch 6\n>p1 move imperialtorrent\n>p2 move protect\n>p1 move imperialtorrent\n>p2 move roost\n>p1 move imperialtorrent\n>p2 move protect\n>p1 move stealthrock\n>p2 move ironhead\n>p1 move royaldecree\n>p2 move ironhead\n>p1 move royaldecree\n>p2 move ironhead\n>p1 move royaldecree\n>p2 move knockoff\n>p1 switch 4\n>p2 move uturn\n>p2 switch 3\n>p1 move earthpower\n>p2 move swordsdance\n>p2 switch 3\n>p1 move blizzard\n>p2 move protect\n>p1 move blizzard terastallize\n>p2 move roost\n>p2 switch 2\n>p1 move blizzard\n>p2 move honeclaws terastallize\n>p2 switch 6",
	"uploadtime": 1789761970
}