{
	"id": "gen9rpou-6-tliry4",
	"format": "[Gen 9] RP OU",
	"players": [
		"Bunny Stockfish",
		"SlimeQueenSamantha"
	],
	"rating": null,
	"log": "|j|☆Bunny Stockfish\n|j|☆SlimeQueenSamantha\n|t:|1789668310\n|gametype|singles\n|player|p1|Bunny Stockfish|bunny.png|1332\n|player|p2|SlimeQueenSamantha|queen.png|1494\n|gen|9\n|tier|[Gen 9] RP OU\n|rated|\n|rule|HP Percentage Mod: HP is shown in percentages\n|rule|Endless Battle Clause: Forcing endless battles is banned\n|rule|Species Clause: Limit one of each Pokémon\n|rule|OHKO Clause: OHKO moves are banned\n|rule|Evasion Clause: Evasion abilities, items, and moves are banned\n|rule|Evasion Abilities Clause: Evasion abilities are banned\n|rule|Evasion Items Clause: Evasion items are banned\n|rule|Evasion Moves Clause: Evasion moves are banned\n|rule|Sleep Clause Mod: Limit one foe put to sleep\n|clearpoke\n|poke|p1|Garchomp|\n|poke|p1|Goodra-Hisui|\n|poke|p1|Pecharunt|\n|poke|p1|Zamazenta-*|\n|poke|p1|Hatterene|\n|poke|p1|Kingambit|\n|poke|p2|Spiritomb|\n|poke|p2|Glaceon|\n|poke|p2|Garchomp|\n|poke|p2|Roserade|\n|poke|p2|Togekiss|\n|poke|p2|Lucario|\n|teampreview\n|c|☆Bunny Stockfish|Good luck! Playing on **stockfish**.\n|\n|t:|1789668326\n|teamsize|p1|6\n|teamsize|p2|6\n|start\n|switch|p1a: Garchomp|Garchomp|100/100\n|switch|p2a: Garchomp|Garchomp|100/100\n|turn|1\n|\n|t:|1789668328\n|detailschange|p1a: Garchomp|Garchomp-Mega\n|-mega|p1a: Garchomp|Garchomp|Garchompite\n|move|p2a: Garchomp|Stealth Rock|p1a: Garchomp\n|-sidestart|p1: Bunny Stockfish|move: Stealth Rock\n|move|p1a: Garchomp|Dragon Tail|p2a: Garchomp\n|-supereffective|p2a: Garchomp\n|-damage|p2a: Garchomp|62/100\n|-damage|p1a: Garchomp|88/100|[from] ability: Rough Skin|[of] p2a: Garchomp\n|-damage|p1a: Garchomp|71/100|[from] item: Rocky Helmet|[of] p2a: Garchomp\n|drag|p2a: Glaceon|Glaceon|100/100\n|-weather|Snowscape|[from] ability: Diamond Dust|[of] p2a: Glaceon\n|\n|-weather|Snowscape|[upkeep]\n|upkeep\n|turn|2\n|\n|t:|1789668334\n|move|p2a: Glaceon|Aurora Veil|p2a: Glaceon\n|-sidestart|p2: SlimeQueenSamantha|move: Aurora Veil\n|move|p1a: Garchomp|Earthquake|p2a: Glaceon\n|-damage|p2a: Glaceon|77/100\n|\n|-weather|Snowscape|[upkeep]\n|upkeep\n|turn|3\n|\n|t:|1789668337\n|move|p2a: Glaceon|Blizzard|p1a: Garchomp\n|-supereffective|p1a: Garchomp\n|-damage|p1a: Garchomp|0 fnt\n|faint|p1a: Garchomp\n|detailschange|p1: Garchomp|Garchomp|[silent]\n|-damage|p2a: Glaceon|67/100|[from] item: Life Orb\n|\n|-weather|Snowscape|[upkeep]\n|upkeep\n|\n|t:|1789668338\n|switch|p1a: Zamazenta|Zamazenta|100/100\n|-ability|p1a: Zamazenta|Dauntless Shield|boost\n|-boost|p1a: Zamazenta|def|1\n|turn|4\n|\n|t:|1789668340\n|-terastallize|p1a: Zamazenta|Steel\n|move|p2a: Glaceon|Blizzard|p1a: Zamazenta\n|-resisted|p1a: Zamazenta\n|-crit|p1a: Zamazenta\n|-damage|p1a: Zamazenta|45/100\n|-status|p1a: Zamazenta|frz\n|-damage|p2a: Glaceon|57/100|[from] item: Life Orb\n|cant|p1a: Zamazenta|frz\n|\n|-weather|Snowscape|[upkeep]\n|upkeep\n|turn|5\n|\n|t:|1789668342\n|move|p2a: Glaceon|Blizzard|p1a: Zamazenta\n|-resisted|p1a: Zamazenta\n|-damage|p1a: Zamazenta|4/100 frz\n|-damage|p2a: Glaceon|47/100|[from] item: Life Orb\n|cant|p1a: Zamazenta|frz\n|\n|-weather|none\n|upkeep\n|turn|6\n|\n|t:|1789668346\n|cant|p1a: Zamazenta|frz\n|move|p2a: Glaceon|Blizzard|p1a: Zamazenta\n|-resisted|p1a: Zamazenta\n|-damage|p1a: Zamazenta|0 fnt\n|faint|p1a: Zamazenta\n|-damage|p2a: Glaceon|37/100|[from] item: Life Orb\n|\n|-sideend|p2: SlimeQueenSamantha|move: Aurora Veil\n|upkeep\n|\n|t:|1789668346\n|switch|p1a: Kingambit|Kingambit|100/100\n|-damage|p1a: Kingambit|94/100|[from] Stealth Rock\n|-activate|p1a: Kingambit|ability: Supreme Overlord\n|-start|p1a: Kingambit|fallen2|[silent]\n|turn|7\n|\n|t:|1789668350\n|switch|p2a: Garchomp|Garchomp|62/100\n|-start|p1a: Kingambit|Dynamax|\n|-heal|p1a: Kingambit|94/100|[silent]\n|move|p1a: Kingambit|Max Steelspike|p2a: Garchomp\n|-damage|p2a: Garchomp|0 fnt\n|-boost|p1a: Kingambit|def|1\n|faint|p2a: Garchomp\n|\n|-heal|p1a: Kingambit|97/100|[from] item: Leftovers\n|upkeep\n|\n|t:|1789668354\n|switch|p2a: Spiritomb|Spiritomb|100/100\n|turn|8\n|\n|t:|1789668356\n|move|p1a: Kingambit|Max Steelspike|p2a: Spiritomb\n|-damage|p2a: Spiritomb|28/100\n|-boost|p1a: Kingambit|def|1\n|move|p2a: Spiritomb|Will-O-Wisp|p1a: Kingambit\n|-status|p1a: Kingambit|brn\n|\n|-heal|p1a: Kingambit|100/100 brn|[from] item: Leftovers\n|-heal|p2a: Spiritomb|34/100|[from] item: Leftovers\n|-damage|p1a: Kingambit|97/100 brn|[from] brn\n|upkeep\n|turn|9\n|\n|t:|1789668362\n|move|p1a: Kingambit|Max Steelspike|p2a: Spiritomb\n|-ability|p2a: Spiritomb|Keystone Legion\n|-message|The spirits of the keystone shield Spiritomb!\n|-start|p1a: Kingambit|Curse|[of] p2a: Spiritomb\n|-damage|p2a: Spiritomb|1/100\n|-boost|p1a: Kingambit|def|1\n|move|p2a: Spiritomb|Strength Sap|p1a: Kingambit\n|-unboost|p1a: Kingambit|atk|1\n|-heal|p2a: Spiritomb|100/100\n|\n|-heal|p1a: Kingambit|100/100 brn|[from] item: Leftovers\n|-damage|p1a: Kingambit|97/100 brn|[from] brn\n|-damage|p1a: Kingambit|85/100 brn|[from] Curse\n|upkeep\n|-end|p1a: Kingambit|Dynamax\n|-heal|p1a: Kingambit|85/100 brn|[silent]\n|turn|10\n|\n|t:|1789668373\n|move|p2a: Spiritomb|Soul Toll|p1a: Kingambit\n|-resisted|p1a: Kingambit\n|-damage|p1a: Kingambit|54/100 brn\n|move|p1a: Kingambit|Iron Head|p2a: Spiritomb\n|-damage|p2a: Spiritomb|85/100\n|\n|-heal|p1a: Kingambit|60/100 brn|[from] item: Leftovers\n|-heal|p2a: Spiritomb|91/100|[from] item: Leftovers\n|-damage|p1a: Kingambit|54/100 brn|[from] brn\n|-damage|p1a: Kingambit|29/100 brn|[from] Curse\n|upkeep\n|turn|11\n|\n|t:|1789668378\n|move|p2a: Spiritomb|Soul Toll|p1a: Kingambit\n|-resisted|p1a: Kingambit\n|-damage|p1a: Kingambit|0 fnt\n|-heal|p2a: Spiritomb|100/100|[from] drain|[of] p1a: Kingambit\n|faint|p1a: Kingambit\n|-message|A soul joins the legion. Spiritomb's keystone mends!\n|-end|p1a: Kingambit|fallen2|[silent]\n|\n|upkeep\n|\n|t:|1789668378\n|switch|p1a: Goodra|Goodra-Hisui|100/100\n|-damage|p1a: Goodra|94/100|[from] Stealth Rock\n|turn|12\n|\n|t:|1789668380\n|move|p1a: Goodra|Flash Cannon|p2a: Spiritomb\n|-damage|p2a: Spiritomb|75/100\n|move|p2a: Spiritomb|Will-O-Wisp|p1a: Goodra\n|-status|p1a: Goodra|brn\n|\n|-heal|p2a: Spiritomb|81/100|[from] item: Leftovers\n|-damage|p1a: Goodra|88/100 brn|[from] brn\n|upkeep\n|turn|13\n|\n|t:|1789668383\n|move|p1a: Goodra|Flash Cannon|p2a: Spiritomb\n|-damage|p2a: Spiritomb|56/100\n|-unboost|p2a: Spiritomb|spd|1\n|move|p2a: Spiritomb|Strength Sap|p1a: Goodra\n|-unboost|p1a: Goodra|atk|1\n|-heal|p2a: Spiritomb|100/100\n|\n|-damage|p1a: Goodra|82/100 brn|[from] brn\n|upkeep\n|turn|14\n|\n|t:|1789668385\n|move|p1a: Goodra|Flash Cannon|p2a: Spiritomb\n|-damage|p2a: Spiritomb|64/100\n|move|p2a: Spiritomb|Soul Toll|p1a: Goodra\n|-damage|p1a: Goodra|56/100 brn\n|\n|-heal|p2a: Spiritomb|70/100|[from] item: Leftovers\n|-damage|p1a: Goodra|50/100 brn|[from] brn\n|upkeep\n|turn|15\n|\n|t:|1789668387\n|move|p1a: Goodra|Flash Cannon|p2a: Spiritomb\n|-damage|p2a: Spiritomb|33/100\n|move|p2a: Spiritomb|Soul Toll|p1a: Goodra\n|-damage|p1a: Goodra|23/100 brn\n|\n|-heal|p2a: Spiritomb|40/100|[from] item: Leftovers\n|-damage|p1a: Goodra|16/100 brn|[from] brn\n|upkeep\n|turn|16\n|\n|t:|1789668390\n|move|p1a: Goodra|Flash Cannon|p2a: Spiritomb\n|-ability|p2a: Spiritomb|Keystone Legion\n|-message|The spirits of the keystone shield Spiritomb!\n|-start|p1a: Goodra|Curse|[of] p2a: Spiritomb\n|-damage|p2a: Spiritomb|1/100\n|move|p2a: Spiritomb|Strength Sap|p1a: Goodra\n|-unboost|p1a: Goodra|atk|1\n|-heal|p2a: Spiritomb|38/100\n|\n|-heal|p2a: Spiritomb|45/100|[from] item: Leftovers\n|-damage|p1a: Goodra|10/100 brn|[from] brn\n|-damage|p1a: Goodra|0 fnt|[from] Curse\n|faint|p1a: Goodra\n|-message|A soul joins the legion. Spiritomb's keystone mends!\n|upkeep\n|\n|t:|1789668390\n|switch|p1a: Hatterene|Hatterene|100/100\n|-damage|p1a: Hatterene|88/100|[from] Stealth Rock\n|turn|17\n|\n|t:|1789668393\n|move|p1a: Hatterene|Draining Kiss|p2a: Spiritomb\n|-supereffective|p2a: Spiritomb\n|-damage|p2a: Spiritomb|6/100\n|-heal|p1a: Hatterene|100/100|[from] drain|[of] p2a: Spiritomb\n|move|p2a: Spiritomb|Soul Toll|p1a: Hatterene\n|-supereffective|p1a: Hatterene\n|-damage|p1a: Hatterene|39/100\n|\n|-heal|p2a: Spiritomb|12/100|[from] item: Leftovers\n|upkeep\n|turn|18\n|\n|t:|1789668398\n|switch|p1a: Pecharunt|Pecharunt|100/100\n|-damage|p1a: Pecharunt|88/100|[from] Stealth Rock\n|-item|p1a: Pecharunt|Air Balloon\n|move|p2a: Spiritomb|Soul Toll|p1a: Pecharunt\n|-supereffective|p1a: Pecharunt\n|-damage|p1a: Pecharunt|34/100\n|-enditem|p1a: Pecharunt|Air Balloon\n|\n|-heal|p2a: Spiritomb|18/100|[from] item: Leftovers\n|upkeep\n|turn|19\n|\n|t:|1789668400\n|move|p1a: Pecharunt|Shadow Ball|p2a: Spiritomb\n|-ability|p2a: Spiritomb|Keystone Legion\n|-message|The spirits of the keystone shield Spiritomb!\n|-start|p1a: Pecharunt|Curse|[of] p2a: Spiritomb\n|-damage|p2a: Spiritomb|1/100\n|move|p2a: Spiritomb|Soul Toll|p1a: Pecharunt\n|-supereffective|p1a: Pecharunt\n|-damage|p1a: Pecharunt|0 fnt\n|-heal|p2a: Spiritomb|18/100|[from] drain|[of] p1a: Pecharunt\n|faint|p1a: Pecharunt\n|-message|A soul joins the legion. Spiritomb's keystone mends!\n|\n|-heal|p2a: Spiritomb|24/100|[from] item: Leftovers\n|upkeep\n|\n|t:|1789668400\n|switch|p1a: Hatterene|Hatterene|39/100\n|-damage|p1a: Hatterene|27/100|[from] Stealth Rock\n|turn|20\n|\n|t:|1789668403\n|move|p1a: Hatterene|Draining Kiss|p2a: Spiritomb\n|-supereffective|p2a: Spiritomb\n|-ability|p2a: Spiritomb|Keystone Legion\n|-message|The spirits of the keystone shield Spiritomb!\n|-start|p1a: Hatterene|Curse|[of] p2a: Spiritomb\n|-damage|p2a: Spiritomb|1/100\n|-heal|p1a: Hatterene|48/100|[from] drain|[of] p2a: Spiritomb\n|move|p2a: Spiritomb|Soul Toll|p1a: Hatterene\n|-supereffective|p1a: Hatterene\n|-damage|p1a: Hatterene|0 fnt\n|-heal|p2a: Spiritomb|21/100|[from] drain|[of] p1a: Hatterene\n|faint|p1a: Hatterene\n|-message|A soul joins the legion. Spiritomb's keystone mends!\n|\n|win|SlimeQueenSamantha\n",
	"inputlog": ">start {\"formatid\":\"gen9rpou\",\"seed\":\"sodium,1b988aeaff7b1a3386b2a0319a5361c2\",\"rated\":\"Rated battle\"}\n>player p1 {\"name\":\"Bunny Stockfish\",\"avatar\":\"bunny.png\",\"team\":\"Garchomp||Garchompite|RoughSkin|Earthquake,DragonTail,StealthRock,Spikes|Impish|252,,216,,,40|N||||,,,,,Ghost]Goodra|GoodraHisui|AssaultVest|Gooey|FlashCannon,DragonTail,KnockOff,IceBeam|Modest|248,,,252,8,|N||||,,,,,Fairy]Pecharunt||AirBalloon|PoisonPuppeteer|PartingShot,Recover,Toxic,ShadowBall|Bold|252,,228,,,28|N|,0,,,,|||,,,,,Dark]Zamazenta||HeavyDutyBoots|DauntlessShield|CloseCombat,Crunch,StoneEdge,IceFang|Jolly|,252,,,4,252|N||||,,,,,Steel]Hatterene||RockyHelmet|MagicBounce|PsychicNoise,DrainingKiss,PainSplit,Nuzzle|Bold|252,,204,,,52|N||||,,,G,,Water]Kingambit||Leftovers|SupremeOverlord|SwordsDance,SuckerPunch,LowKick,IronHead|Adamant|,252,4,,,252|N||||,,,,,Ghost\",\"rating\":1332}\n>player p2 {\"name\":\"SlimeQueenSamantha\",\"avatar\":\"queen.png\",\"team\":\"Spiritomb||Leftovers|KeystoneLegion|SoulToll,StrengthSap,PartingShot,WillOWisp|Calm|252,,4,,252,|N||||,,,,,Fairy]Glaceon||LifeOrb|DiamondDust|Blizzard,FreezeDry,AuroraVeil,EarthPower|Modest|,,4,252,,252|N|,0,,,,|||,,,,,Ice]Garchomp||RockyHelmet|RoughSkin|Earthquake,DragonTail,StealthRock,Spikes|Impish|252,,216,,,40|N||||,,,,,Ghost]Roserade||HeavyDutyBoots|Masquerade|ThornedBouquet,Oxidize,NastyPlot,MortalSpin|Timid|,,,252,4,252|N||||,,,,,Water]Togekiss||ChoiceScarf|SereneGrace|AirSlash,Uturn,AlluringVoice,Flamethrower|Timid|,,,252,4,252|N||||,,,,,Flying]Lucario||LucarioniteZ|Steadfast|NastyPlot,AuraSphere,FlashCannon,HiddenPowerIce|Timid|,,,252,,252|N|,0,,,,|||,Ice,,,,Ghost\",\"rating\":1494}\n>chat ☆Bunny Stockfish|Good luck! Playing on **stockfish**.\n>p1 team 1, 4, 3, 6, 2, 5\n>p2 team 3, 2, 1, 4, 5, 6\n>p1 move dragontail mega\n>p2 move stealthrock\n>p1 move earthquake\n>p2 move auroraveil\n>p1 move earthquake\n>p2 move blizzard\n>p1 switch 2\n>p1 move closecombat terastallize\n>p2 move blizzard\n>p1 move closecombat\n>p2 move blizzard\n>p1 move closecombat\n>p2 move blizzard\n>p1 switch 4\n>p1 move ironhead dynamax\n>p2 switch 2\n>p2 switch 3\n>p1 move ironhead dynamax\n>p2 move willowisp\n>p1 move ironhead dynamax\n>p2 move strengthsap\n>p1 move ironhead\n>p2 move soultoll\n>p1 move ironhead\n>p2 move soultoll\n>p1 switch 5\n>p1 move flashcannon\n>p2 move willowisp\n>p1 move flashcannon\n>p2 move strengthsap\n>p1 move flashcannon\n>p2 move soultoll\n>p1 move flashcannon\n>p2 move soultoll\n>p1 move flashcannon\n>p2 move strengthsap\n>p1 switch 6\n>p1 move drainingkiss\n>p2 move soultoll\n>p1 switch 3\n>p2 move soultoll\n>p1 move shadowball\n>p2 move soultoll\n>p1 switch 3\n>p1 move drainingkiss\n>p2 move soultoll",
	"uploadtime": 1789668403
}