{
	"id": "gen9rpou-2-tlizxc",
	"format": "[Gen 9] RP OU",
	"players": [
		"SlimeQueenSamantha",
		"Bunny Stockfish"
	],
	"rating": null,
	"log": "|j|☆SlimeQueenSamantha\n|j|☆Bunny Stockfish\n|t:|1789677490\n|gametype|singles\n|badge|p1|gold|gen9rpou|1-1\n|badge|p2|silver|gen9rpou|2-2\n|player|p1|SlimeQueenSamantha|queen.png|1565\n|player|p2|Bunny Stockfish|bunny.png|1402\n|gen|9\n|tier|[Gen 9] RP OU\n|rated|\n|rule|HP Percentage Mod: HP is shown in percentages\n|rule|Endless Battle Clause: Forcing endless battles is banned\n|rule|Species Clause: Limit one of each Pokémon\n|rule|OHKO Clause: OHKO moves are banned\n|rule|Evasion Clause: Evasion abilities, items, and moves are banned\n|rule|Evasion Abilities Clause: Evasion abilities are banned\n|rule|Evasion Items Clause: Evasion items are banned\n|rule|Evasion Moves Clause: Evasion moves are banned\n|rule|Sleep Clause Mod: Limit one foe put to sleep\n|clearpoke\n|poke|p1|Regieleki|\n|poke|p1|Landorus-Therian, M|\n|poke|p1|Genesect|\n|poke|p1|Simipour|\n|poke|p1|Diancie|\n|poke|p1|Ogerpon-Wellspring, F|\n|poke|p2|Cinderace|\n|poke|p2|Empoleon|\n|poke|p2|Clefable|\n|poke|p2|Blissey|\n|poke|p2|Rillaboom|\n|poke|p2|Moltres-Galar|\n|teampreview\n|c|☆Bunny Stockfish|Good luck! Playing on **stockfish**.\n|\n|t:|1789677505\n|teamsize|p1|6\n|teamsize|p2|6\n|start\n|switch|p1a: Diancie|Diancie|100/100\n|switch|p2a: Empoleon|Empoleon|100/100\n|turn|1\n|\n|t:|1789677510\n|detailschange|p1a: Diancie|Diancie-Mega\n|-mega|p1a: Diancie|Diancie|Diancite\n|move|p1a: Diancie|Stealth Rock|p2a: Empoleon\n|-sidestart|p2: Bunny Stockfish|move: Stealth Rock\n|move|p2a: Empoleon|Imperial Torrent|p1a: Diancie\n|-supereffective|p1a: Diancie\n|-damage|p1a: Diancie|0 fnt\n|faint|p1a: Diancie\n|detailschange|p1: Diancie|Diancie|[silent]\n|\n|upkeep\n|\n|t:|1789677518\n|switch|p1a: Regieleki|Regieleki|100/100\n|turn|2\n|\n|t:|1789677521\n|switch|p2a: Rillaboom|Rillaboom|100/100\n|-damage|p2a: Rillaboom|88/100|[from] Stealth Rock\n|-fieldstart|move: Grassy Terrain|[from] ability: Grassy Surge|[of] p2a: Rillaboom\n|move|p1a: Regieleki|Thunder|p2a: Rillaboom\n|-resisted|p2a: Rillaboom\n|-damage|p2a: Rillaboom|23/100\n|-status|p2a: Rillaboom|par\n|\n|-heal|p2a: Rillaboom|29/100 par|[from] Grassy Terrain\n|upkeep\n|turn|3\n|\n|t:|1789677527\n|switch|p1a: Genesect|Genesect|100/100\n|-ability|p1a: Genesect|Download|boost\n|-boost|p1a: Genesect|spa|1\n|move|p2a: Rillaboom|High Horsepower|p1a: Genesect\n|-damage|p1a: Genesect|36/100\n|-damage|p2a: Rillaboom|19/100 par|[from] item: Life Orb\n|\n|-heal|p1a: Genesect|42/100|[from] Grassy Terrain\n|-heal|p2a: Rillaboom|25/100 par|[from] Grassy Terrain\n|upkeep\n|turn|4\n|\n|t:|1789677529\n|switch|p2a: Cinderace|Cinderace|100/100\n|move|p1a: Genesect|U-turn|p2a: Cinderace\n|-resisted|p2a: Cinderace\n|-damage|p2a: Cinderace|78/100\n|\n|t:|1789677532\n|switch|p1a: Simipour|Simipour|100/100|[from] U-turn\n|-weather|RainDance|[from] ability: Tidal Surge|[of] p1a: Simipour\n|\n|-weather|RainDance|[upkeep]\n|-heal|p2a: Cinderace|84/100|[from] Grassy Terrain\n|upkeep\n|turn|5\n|\n|t:|1789677534\n|switch|p2a: Empoleon|Empoleon|100/100\n|-damage|p2a: Empoleon|94/100|[from] Stealth Rock\n|move|p1a: Simipour|Nasty Plot|p1a: Simipour\n|-boost|p1a: Simipour|spa|2\n|\n|-weather|RainDance|[upkeep]\n|-heal|p2a: Empoleon|100/100|[from] Grassy Terrain\n|upkeep\n|turn|6\n|\n|t:|1789677552\n|move|p1a: Simipour|Torrent Rush||[still]\n|cant|p2a: Empoleon|ability: Emperor's Pride|Torrent Rush|[of] p1a: Simipour\n|move|p2a: Empoleon|Royal Decree|p1a: Simipour\n|-sidestart|p1: SlimeQueenSamantha|Spikes\n|drag|p1a: Genesect|Genesect|42/100\n|-damage|p1a: Genesect|29/100|[from] Spikes\n|-ability|p1a: Genesect|Download|boost\n|-boost|p1a: Genesect|atk|1\n|\n|-weather|RainDance|[upkeep]\n|-heal|p1a: Genesect|35/100|[from] Grassy Terrain\n|-fieldend|move: Grassy Terrain\n|upkeep\n|turn|7\n|\n|t:|1789677559\n|move|p1a: Genesect|U-turn|p2a: Empoleon\n|-resisted|p2a: Empoleon\n|-damage|p2a: Empoleon|75/100\n|\n|t:|1789677561\n|switch|p1a: Landorus|Landorus-Therian, M|100/100|[from] U-turn\n|-ability|p1a: Landorus|Intimidate|boost\n|-unboost|p2a: Empoleon|atk|1\n|-ability|p2a: Empoleon|Emperor's Pride|boost\n|-boost|p2a: Empoleon|spa|2\n|move|p2a: Empoleon|Imperial Torrent|p1a: Landorus\n|-supereffective|p1a: Landorus\n|-damage|p1a: Landorus|0 fnt\n|faint|p1a: Landorus\n|\n|-weather|RainDance|[upkeep]\n|-heal|p2a: Empoleon|81/100|[from] item: Leftovers\n|upkeep\n|\n|t:|1789677564\n|switch|p1a: Regieleki|Regieleki|100/100\n|-damage|p1a: Regieleki|88/100|[from] Spikes\n|turn|8\n|\n|t:|1789677565\n|-start|p2a: Empoleon|Dynamax|\n|-heal|p2a: Empoleon|81/100|[silent]\n|move|p1a: Regieleki|Thunder|p2a: Empoleon\n|-supereffective|p2a: Empoleon\n|-damage|p2a: Empoleon|19/100\n|-status|p2a: Empoleon|par\n|move|p2a: Empoleon|Max Geyser|p1a: Regieleki\n|-damage|p1a: Regieleki|0 fnt\n|faint|p1a: Regieleki\n|\n|-weather|none\n|-heal|p2a: Empoleon|22/100 par|[from] item: Leftovers\n|upkeep\n|\n|t:|1789677573\n|switch|p1a: Genesect|Genesect|35/100\n|-damage|p1a: Genesect|23/100|[from] Spikes\n|-ability|p1a: Genesect|Download|boost\n|-boost|p1a: Genesect|atk|1\n|turn|9\n|\n|t:|1789677574\n|move|p1a: Genesect|U-turn|p2a: Empoleon\n|-resisted|p2a: Empoleon\n|-damage|p2a: Empoleon|10/100 par\n|\n|t:|1789677576\n|switch|p1a: Ogerpon|Ogerpon-Wellspring, F|100/100|[from] U-turn\n|-damage|p1a: Ogerpon|88/100|[from] Spikes\n|move|p2a: Empoleon|Max Geyser|p1a: Ogerpon\n|-heal|p1a: Ogerpon|100/100|[from] ability: Water Absorb|[of] p2a: Empoleon\n|\n|-heal|p2a: Empoleon|13/100 par|[from] item: Leftovers\n|upkeep\n|turn|10\n|\n|t:|1789677578\n|-end|p2a: Empoleon|Dynamax\n|-heal|p2a: Empoleon|13/100 par|[silent]\n|switch|p2a: Moltres|Moltres-Galar|100/100\n|-damage|p2a: Moltres|75/100|[from] Stealth Rock\n|move|p1a: Ogerpon|Spikes|p2a: Moltres\n|-sidestart|p2: Bunny Stockfish|Spikes\n|\n|upkeep\n|turn|11\n|\n|t:|1789677582\n|move|p1a: Ogerpon|Knock Off|p2a: Moltres\n|-resisted|p2a: Moltres\n|-damage|p2a: Moltres|58/100\n|-enditem|p2a: Moltres|Sitrus Berry|[from] move: Knock Off|[of] p1a: Ogerpon\n|move|p2a: Moltres|Hurricane|p1a: Ogerpon\n|-supereffective|p1a: Ogerpon\n|-damage|p1a: Ogerpon|0 fnt\n|faint|p1a: Ogerpon\n|\n|upkeep\n|\n|t:|1789677588\n|switch|p1a: Simipour|Simipour|100/100\n|-damage|p1a: Simipour|88/100|[from] Spikes\n|-weather|RainDance|[from] ability: Tidal Surge|[of] p1a: Simipour\n|turn|12\n|\n|t:|1789677590\n|move|p1a: Simipour|Nasty Plot|p1a: Simipour\n|-boost|p1a: Simipour|spa|2\n|move|p2a: Moltres|Hurricane|p1a: Simipour\n|-damage|p1a: Simipour|0 fnt\n|faint|p1a: Simipour\n|\n|-weather|RainDance|[upkeep]\n|upkeep\n|\n|t:|1789677593\n|switch|p1a: Genesect|Genesect|23/100\n|-damage|p1a: Genesect|11/100|[from] Spikes\n|-ability|p1a: Genesect|Download|boost\n|-boost|p1a: Genesect|atk|1\n|turn|13\n|\n|t:|1789677596\n|move|p1a: Genesect|Iron Head|p2a: Moltres\n|-damage|p2a: Moltres|2/100\n|-ability|p2a: Moltres|Berserk|boost\n|-boost|p2a: Moltres|spa|1\n|move|p2a: Moltres|Hurricane|p1a: Genesect\n|-crit|p1a: Genesect\n|-damage|p1a: Genesect|0 fnt\n|faint|p1a: Genesect\n|\n|win|Bunny Stockfish\n",
	"inputlog": ">start {\"formatid\":\"gen9rpou\",\"seed\":\"sodium,55fd703f701adabc3ad884b56452b043\",\"rated\":\"Rated battle\"}\n>player p1 {\"name\":\"SlimeQueenSamantha\",\"avatar\":\"queen.png\",\"team\":\"Regieleki||ChoiceSpecs|Transistor|Thunder,TeraBlast,VoltSwitch,RapidSpin|Timid|4,,,252,,252|N||||,,,,,Ice]Landorus|LandorusTherian|Leftovers|Intimidate|Earthquake,Uturn,Defog,Toxic|Impish|248,,16,,,244|M||||,,,,,Ground]Genesect||ChoiceScarf|Download|Uturn,IronHead,Flamethrower,IceBeam|Hasty|,252,,4,,252|N||||,,,,,Bug]Simipour||ElementalBanana|TidalSurge|TorrentRush,IceBeam,NastyPlot,FlipTurn|Timid|,,,252,4,252|N||||,,,,,Water]Diancie||Diancite|ClearBody|DiamondStorm,Moonblast,Explosion,StealthRock|Hasty|108,,,184,,216|N||||,,,,,Rock]Ogerpon|OgerponWellspring|WellspringMask|WaterAbsorb|IvyCudgel,Uturn,KnockOff,Spikes|Jolly|,252,,,4,252|F||||,,,,,Water\",\"rating\":1565}\n>player p2 {\"name\":\"Bunny Stockfish\",\"avatar\":\"bunny.png\",\"team\":\"Cinderace||HeavyDutyBoots|Blaze|PyroBall,Uturn,CourtChange,WillOWisp|Jolly|224,32,,,,252|N||||,,,,,Fire]Empoleon||Leftovers|EmperorsPride|ImperialTorrent,Roost,StealthRock,RoyalDecree|Calm|252,,4,,252,|N||||,,,,,Flying]Clefable||StickyBarb|MagicGuard|StealthRock,Moonblast,Moonlight,ThunderWave|Bold|252,,252,,4,|N||||,,,,,Steel]Blissey||Leftovers|NaturalCure|SoftBoiled,CalmMind,SeismicToss,StealthRock|Calm|4,,252,,252,|N|,0,,,,|||,,,,,Water]Rillaboom||LifeOrb|GrassySurge|SwordsDance,GrassyGlide,KnockOff,HighHorsepower|Adamant|,252,4,,,252|N||||,,,G,,Grass]Moltres|MoltresGalar|SitrusBerry|Berserk|NastyPlot,FieryWrath,Hurricane,Taunt|Modest|252,,4,164,44,44|N|,0,,,,|||,,,,,Fairy\",\"rating\":1402}\n>chat ☆Bunny Stockfish|Good luck! Playing on **stockfish**.\n>p1 team 5, 2, 3, 4, 1, 6\n>p2 team 2, 1, 5, 6, 3, 4\n>p1 move stealthrock mega\n>p2 move imperialtorrent\n>p1 switch 5\n>p1 move thunder\n>p2 switch 3\n>p1 switch 3\n>p2 move highhorsepower\n>p1 move uturn\n>p2 switch 2\n>p1 switch 4\n>p1 move nastyplot\n>p2 switch 3\n>p1 move torrentrush\n>p2 move royaldecree\n>p1 move uturn\n>p2 move imperialtorrent\n>p1 switch 2\n>p1 switch 3\n>p1 move thunder\n>p2 move imperialtorrent dynamax\n>p1 switch 2\n>p1 move uturn\n>p2 move imperialtorrent dynamax\n>p1 switch 6\n>p1 move spikes\n>p2 switch 4\n>p1 move knockoff\n>p2 move hurricane\n>p1 switch 4\n>p1 move nastyplot\n>p2 move hurricane\n>p1 switch 6\n>p1 move ironhead\n>p2 move hurricane",
	"uploadtime": 1789677596
}