{
	"id": "gen9rpou-6-tm5heg",
	"format": "[Gen 9] RP OU",
	"players": [
		"Bunny Stockfish",
		"SlimeQueenSamantha"
	],
	"rating": null,
	"log": "|j|☆Bunny Stockfish\n|j|☆SlimeQueenSamantha\n|t:|1790730576\n|gametype|singles\n|badge|p1|bronze|gen9rpou|3-3\n|badge|p2|silver|gen9rpou|2-2\n|player|p1|Bunny Stockfish|bunny.png|1339\n|player|p2|SlimeQueenSamantha|queen.png|1455\n|gen|9\n|tier|[Gen 9] RP OU\n|rated|\n|rule|HP Percentage Mod: HP is shown in percentages\n|rule|Endless Battle Clause: Forcing endless battles is banned\n|rule|Species Clause: Limit one of each Pokémon\n|rule|OHKO Clause: OHKO moves are banned\n|rule|Evasion Clause: Evasion abilities, items, and moves are banned\n|rule|Evasion Abilities Clause: Evasion abilities are banned\n|rule|Evasion Items Clause: Evasion items are banned\n|rule|Evasion Moves Clause: Evasion moves are banned\n|rule|Sleep Clause Mod: Limit one foe put to sleep\n|clearpoke\n|poke|p1|Tinkaton|\n|poke|p1|Hatterene|\n|poke|p1|Vaporeon|\n|poke|p1|Garchomp|\n|poke|p1|Kingambit|\n|poke|p1|Blissey|\n|poke|p2|Lugia|\n|poke|p2|Blissey|\n|poke|p2|Registeel|\n|poke|p2|Umbreon|\n|poke|p2|Spiritomb|\n|poke|p2|Clodsire|\n|teampreview\n|c|☆Bunny Stockfish|Good luck! Playing on **stockfish**.\n|\n|t:|1790730609\n|teamsize|p1|6\n|teamsize|p2|6\n|start\n|switch|p1a: Garchomp|Garchomp|100/100\n|switch|p2a: Blissey|Blissey|100/100\n|turn|1\n|\n|t:|1790730611\n|detailschange|p1a: Garchomp|Garchomp-Mega\n|-mega|p1a: Garchomp|Garchomp|Garchompite\n|move|p1a: Garchomp|Earthquake|p2a: Blissey\n|-damage|p2a: Blissey|53/100\n|move|p2a: Blissey|Stealth Rock|p1a: Garchomp\n|-sidestart|p1: Bunny Stockfish|move: Stealth Rock\n|\n|upkeep\n|turn|2\n|\n|t:|1790730617\n|switch|p2a: Lugia|Lugia|100/100\n|move|p1a: Garchomp|Earthquake|p2a: Lugia\n|-immune|p2a: Lugia\n|\n|upkeep\n|turn|3\n|\n|t:|1790730619\n|move|p2a: Lugia|Calm Mind|p2a: Lugia\n|-boost|p2a: Lugia|spa|1\n|-boost|p2a: Lugia|spd|1\n|move|p1a: Garchomp|Stealth Rock|p2a: Lugia\n|-sidestart|p2: SlimeQueenSamantha|move: Stealth Rock\n|\n|upkeep\n|turn|4\n|\n|t:|1790730622\n|move|p2a: Lugia|Air Slash|p1a: Garchomp\n|-damage|p1a: Garchomp|72/100\n|cant|p1a: Garchomp|flinch\n|\n|upkeep\n|turn|5\n|\n|t:|1790730626\n|move|p2a: Lugia|Calm Mind|p2a: Lugia\n|-boost|p2a: Lugia|spa|1\n|-boost|p2a: Lugia|spd|1\n|move|p1a: Garchomp|Spikes|p2a: Lugia\n|-sidestart|p2: SlimeQueenSamantha|Spikes\n|\n|upkeep\n|turn|6\n|\n|t:|1790730628\n|move|p2a: Lugia|Calm Mind|p2a: Lugia\n|-boost|p2a: Lugia|spa|1\n|-boost|p2a: Lugia|spd|1\n|move|p1a: Garchomp|Spikes|p2a: Lugia\n|-sidestart|p2: SlimeQueenSamantha|Spikes\n|\n|upkeep\n|turn|7\n|\n|t:|1790730629\n|move|p2a: Lugia|Calm Mind|p2a: Lugia\n|-boost|p2a: Lugia|spa|1\n|-boost|p2a: Lugia|spd|1\n|move|p1a: Garchomp|Spikes|p2a: Lugia\n|-sidestart|p2: SlimeQueenSamantha|Spikes\n|\n|upkeep\n|turn|8\n|\n|t:|1790730631\n|move|p2a: Lugia|Air Slash|p1a: Garchomp\n|-damage|p1a: Garchomp|12/100\n|move|p1a: Garchomp|Dragon Tail|p2a: Lugia\n|-damage|p2a: Lugia|90/100\n|drag|p2a: Umbreon|Umbreon|100/100\n|-damage|p2a: Umbreon|88/100|[from] Stealth Rock\n|-damage|p2a: Umbreon|63/100|[from] Spikes\n|\n|-heal|p2a: Umbreon|69/100|[from] item: Leftovers\n|upkeep\n|turn|9\n|\n|t:|1790730637\n|move|p1a: Garchomp|Earthquake|p2a: Umbreon\n|-damage|p2a: Umbreon|29/100\n|move|p2a: Umbreon|Knock Off|p1a: Garchomp\n|-damage|p1a: Garchomp|4/100\n|\n|-heal|p2a: Umbreon|35/100|[from] item: Leftovers\n|upkeep\n|turn|10\n|\n|t:|1790730640\n|move|p2a: Umbreon|Protect|p2a: Umbreon\n|-singleturn|p2a: Umbreon|Protect\n|move|p1a: Garchomp|Earthquake|p2a: Umbreon\n|-activate|p2a: Umbreon|move: Protect\n|\n|-heal|p2a: Umbreon|41/100|[from] item: Leftovers\n|upkeep\n|turn|11\n|\n|t:|1790730642\n|move|p1a: Garchomp|Earthquake|p2a: Umbreon\n|-damage|p2a: Umbreon|0 fnt\n|faint|p2a: Umbreon\n|\n|upkeep\n|\n|t:|1790730647\n|switch|p2a: Lugia|Lugia|90/100\n|turn|12\n|\n|t:|1790730649\n|move|p2a: Lugia|Air Slash|p1a: Garchomp\n|-damage|p1a: Garchomp|0 fnt\n|faint|p1a: Garchomp\n|detailschange|p1: Garchomp|Garchomp|[silent]\n|\n|upkeep\n|\n|t:|1790730649\n|switch|p1a: Kingambit|Kingambit|100/100\n|-damage|p1a: Kingambit|94/100|[from] Stealth Rock\n|-activate|p1a: Kingambit|ability: Supreme Overlord\n|-start|p1a: Kingambit|fallen1|[silent]\n|turn|13\n|\n|t:|1790730655\n|-end|p1a: Kingambit|fallen1|[silent]\n|switch|p1a: Tinkaton|Tinkaton|100/100\n|-damage|p1a: Tinkaton|94/100|[from] Stealth Rock\n|-ability|p1a: Tinkaton|Mold Breaker\n|-item|p1a: Tinkaton|Air Balloon\n|-terastallize|p2a: Lugia|Ground\n|move|p2a: Lugia|Earth Power|p1a: Tinkaton\n|-immune|p1a: Tinkaton\n|\n|upkeep\n|turn|14\n|\n|t:|1790730662\n|move|p2a: Lugia|Air Slash|p1a: Tinkaton\n|-resisted|p1a: Tinkaton\n|-damage|p1a: Tinkaton|84/100\n|-enditem|p1a: Tinkaton|Air Balloon\n|move|p1a: Tinkaton|Gigaton Hammer|p2a: Lugia\n|-damage|p2a: Lugia|62/100\n|\n|upkeep\n|turn|15\n|\n|t:|1790730666\n|switch|p1a: Blissey|Blissey|100/100\n|-damage|p1a: Blissey|88/100|[from] Stealth Rock\n|move|p2a: Lugia|Calm Mind|p2a: Lugia\n|-boost|p2a: Lugia|spa|1\n|-boost|p2a: Lugia|spd|1\n|\n|-heal|p1a: Blissey|94/100|[from] item: Leftovers\n|upkeep\n|turn|16\n|\n|t:|1790730668\n|move|p2a: Lugia|Calm Mind|p2a: Lugia\n|-boost|p2a: Lugia|spa|1\n|-boost|p2a: Lugia|spd|1\n|move|p1a: Blissey|Hyper Voice|p2a: Lugia\n|-damage|p2a: Lugia|56/100\n|\n|-heal|p1a: Blissey|99/100|[from] item: Leftovers\n|upkeep\n|turn|17\n|\n|t:|1790730670\n|move|p2a: Lugia|Recover|p2a: Lugia\n|-heal|p2a: Lugia|100/100\n|move|p1a: Blissey|Hyper Voice|p2a: Lugia\n|-damage|p2a: Lugia|98/100\n|\n|-heal|p1a: Blissey|100/100|[from] item: Leftovers\n|upkeep\n|turn|18\n|\n|t:|1790730671\n|move|p2a: Lugia|Calm Mind|p2a: Lugia\n|-boost|p2a: Lugia|spa|1\n|-boost|p2a: Lugia|spd|1\n|move|p1a: Blissey|Hyper Voice|p2a: Lugia\n|-damage|p2a: Lugia|92/100\n|\n|upkeep\n|turn|19\n|\n|t:|1790730673\n|move|p2a: Lugia|Calm Mind|p2a: Lugia\n|-boost|p2a: Lugia|spa|1\n|-boost|p2a: Lugia|spd|1\n|move|p1a: Blissey|Hyper Voice|p2a: Lugia\n|-damage|p2a: Lugia|88/100\n|\n|upkeep\n|turn|20\n|\n|t:|1790730674\n|move|p2a: Lugia|Calm Mind|p2a: Lugia\n|-boost|p2a: Lugia|spa|1\n|-boost|p2a: Lugia|spd|1\n|move|p1a: Blissey|Hyper Voice|p2a: Lugia\n|-damage|p2a: Lugia|85/100\n|\n|upkeep\n|turn|21\n|\n|t:|1790730675\n|move|p2a: Lugia|Calm Mind|p2a: Lugia\n|-boost|p2a: Lugia|spa|1\n|-boost|p2a: Lugia|spd|1\n|move|p1a: Blissey|Heal Bell||[still]\n|-activate|p1a: Blissey|move: Heal Bell\n|-fail|p1a: Blissey\n|\n|upkeep\n|turn|22\n|\n|t:|1790730678\n|move|p2a: Lugia|Air Slash|p1a: Blissey\n|-damage|p1a: Blissey|76/100\n|move|p1a: Blissey|Heal Bell||[still]\n|-activate|p1a: Blissey|move: Heal Bell\n|-fail|p1a: Blissey\n|\n|-heal|p1a: Blissey|82/100|[from] item: Leftovers\n|upkeep\n|turn|23\n|\n|t:|1790730680\n|move|p2a: Lugia|Air Slash|p1a: Blissey|[miss]\n|-miss|p2a: Lugia|p1a: Blissey\n|move|p1a: Blissey|Soft-Boiled|p1a: Blissey\n|-heal|p1a: Blissey|100/100\n|\n|upkeep\n|turn|24\n|\n|t:|1790730683\n|move|p2a: Lugia|Air Slash|p1a: Blissey\n|-damage|p1a: Blissey|72/100\n|move|p1a: Blissey|Heal Bell||[still]\n|-activate|p1a: Blissey|move: Heal Bell\n|-fail|p1a: Blissey\n|\n|-heal|p1a: Blissey|78/100|[from] item: Leftovers\n|upkeep\n|turn|25\n|\n|t:|1790730684\n|move|p2a: Lugia|Air Slash|p1a: Blissey\n|-damage|p1a: Blissey|52/100\n|move|p1a: Blissey|Soft-Boiled|p1a: Blissey\n|-heal|p1a: Blissey|100/100\n|\n|upkeep\n|turn|26\n|\n|t:|1790730686\n|move|p2a: Lugia|Air Slash|p1a: Blissey\n|-damage|p1a: Blissey|76/100\n|move|p1a: Blissey|Heal Bell||[still]\n|-activate|p1a: Blissey|move: Heal Bell\n|-fail|p1a: Blissey\n|\n|-heal|p1a: Blissey|82/100|[from] item: Leftovers\n|upkeep\n|turn|27\n|\n|t:|1790730687\n|move|p2a: Lugia|Air Slash|p1a: Blissey\n|-damage|p1a: Blissey|57/100\n|cant|p1a: Blissey|flinch\n|\n|-heal|p1a: Blissey|63/100|[from] item: Leftovers\n|upkeep\n|turn|28\n|\n|t:|1790730689\n|move|p2a: Lugia|Air Slash|p1a: Blissey\n|-damage|p1a: Blissey|36/100\n|move|p1a: Blissey|Soft-Boiled|p1a: Blissey\n|-heal|p1a: Blissey|86/100\n|\n|-heal|p1a: Blissey|92/100|[from] item: Leftovers\n|upkeep\n|turn|29\n|\n|t:|1790730691\n|move|p2a: Lugia|Air Slash|p1a: Blissey\n|-damage|p1a: Blissey|68/100\n|cant|p1a: Blissey|flinch\n|\n|-heal|p1a: Blissey|74/100|[from] item: Leftovers\n|upkeep\n|turn|30\n|\n|t:|1790730692\n|move|p2a: Lugia|Air Slash|p1a: Blissey\n|-damage|p1a: Blissey|50/100\n|move|p1a: Blissey|Soft-Boiled|p1a: Blissey\n|-heal|p1a: Blissey|99/100\n|\n|-heal|p1a: Blissey|100/100|[from] item: Leftovers\n|upkeep\n|turn|31\n|\n|t:|1790730693\n|move|p2a: Lugia|Air Slash|p1a: Blissey\n|-damage|p1a: Blissey|74/100\n|cant|p1a: Blissey|flinch\n|\n|-heal|p1a: Blissey|80/100|[from] item: Leftovers\n|upkeep\n|turn|32\n|\n|t:|1790730695\n|move|p2a: Lugia|Air Slash|p1a: Blissey\n|-damage|p1a: Blissey|52/100\n|move|p1a: Blissey|Soft-Boiled|p1a: Blissey\n|-heal|p1a: Blissey|100/100\n|\n|upkeep\n|turn|33\n|\n|t:|1790730696\n|move|p2a: Lugia|Air Slash|p1a: Blissey\n|-damage|p1a: Blissey|73/100\n|cant|p1a: Blissey|flinch\n|\n|-heal|p1a: Blissey|80/100|[from] item: Leftovers\n|upkeep\n|turn|34\n|\n|t:|1790730698\n|move|p2a: Lugia|Earth Power|p1a: Blissey\n|-damage|p1a: Blissey|48/100\n|move|p1a: Blissey|Soft-Boiled|p1a: Blissey\n|-heal|p1a: Blissey|98/100\n|\n|-heal|p1a: Blissey|100/100|[from] item: Leftovers\n|upkeep\n|turn|35\n|\n|t:|1790730700\n|move|p2a: Lugia|Earth Power|p1a: Blissey\n|-damage|p1a: Blissey|69/100\n|move|p1a: Blissey|Heal Bell||[still]\n|-activate|p1a: Blissey|move: Heal Bell\n|-fail|p1a: Blissey\n|\n|-heal|p1a: Blissey|75/100|[from] item: Leftovers\n|upkeep\n|turn|36\n|\n|t:|1790730702\n|move|p2a: Lugia|Earth Power|p1a: Blissey\n|-damage|p1a: Blissey|41/100\n|move|p1a: Blissey|Soft-Boiled|p1a: Blissey\n|-heal|p1a: Blissey|91/100\n|\n|-heal|p1a: Blissey|97/100|[from] item: Leftovers\n|upkeep\n|turn|37\n|\n|t:|1790730703\n|move|p2a: Lugia|Earth Power|p1a: Blissey\n|-damage|p1a: Blissey|67/100\n|move|p1a: Blissey|Heal Bell||[still]\n|-activate|p1a: Blissey|move: Heal Bell\n|-fail|p1a: Blissey\n|\n|-heal|p1a: Blissey|73/100|[from] item: Leftovers\n|upkeep\n|turn|38\n|\n|t:|1790730706\n|move|p2a: Lugia|Earth Power|p1a: Blissey\n|-damage|p1a: Blissey|42/100\n|-unboost|p1a: Blissey|spd|1\n|move|p1a: Blissey|Soft-Boiled|p1a: Blissey\n|-heal|p1a: Blissey|92/100\n|\n|-heal|p1a: Blissey|98/100|[from] item: Leftovers\n|upkeep\n|turn|39\n|\n|t:|1790730707\n|move|p2a: Lugia|Earth Power|p1a: Blissey\n|-damage|p1a: Blissey|51/100\n|move|p1a: Blissey|Heal Bell||[still]\n|-activate|p1a: Blissey|move: Heal Bell\n|-fail|p1a: Blissey\n|\n|-heal|p1a: Blissey|57/100|[from] item: Leftovers\n|upkeep\n|turn|40\n|\n|t:|1790730710\n|switch|p1a: Vaporeon|Vaporeon|100/100\n|-damage|p1a: Vaporeon|88/100|[from] Stealth Rock\n|move|p2a: Lugia|Air Slash|p1a: Vaporeon\n|-damage|p1a: Vaporeon|33/100\n|\n|-heal|p1a: Vaporeon|39/100|[from] item: Leftovers\n|upkeep\n|turn|41\n|\n|t:|1790730712\n|-start|p1a: Vaporeon|Dynamax|\n|-heal|p1a: Vaporeon|39/100|[silent]\n|move|p2a: Lugia|Air Slash|p1a: Vaporeon\n|-damage|p1a: Vaporeon|11/100\n|move|p1a: Vaporeon|Max Geyser|p2a: Lugia\n|-supereffective|p2a: Lugia\n|-damage|p2a: Lugia|70/100\n|-weather|RainDance\n|\n|-weather|RainDance|[upkeep]\n|-heal|p1a: Vaporeon|14/100|[from] item: Leftovers\n|upkeep\n|turn|42\n|\n|t:|1790730714\n|move|p2a: Lugia|Air Slash|p1a: Vaporeon\n|-damage|p1a: Vaporeon|0 fnt\n|faint|p1a: Vaporeon\n|\n|-weather|RainDance|[upkeep]\n|upkeep\n|\n|t:|1790730715\n|switch|p1a: Blissey|Blissey|57/100\n|-damage|p1a: Blissey|45/100|[from] Stealth Rock\n|turn|43\n|\n|t:|1790730717\n|move|p2a: Lugia|Earth Power|p1a: Blissey\n|-damage|p1a: Blissey|12/100\n|move|p1a: Blissey|Soft-Boiled|p1a: Blissey\n|-heal|p1a: Blissey|62/100\n|\n|-weather|RainDance|[upkeep]\n|-heal|p1a: Blissey|69/100|[from] item: Leftovers\n|upkeep\n|turn|44\n|\n|t:|1790730719\n|move|p2a: Lugia|Earth Power|p1a: Blissey\n|-damage|p1a: Blissey|35/100\n|move|p1a: Blissey|Soft-Boiled|p1a: Blissey\n|-heal|p1a: Blissey|85/100\n|\n|-weather|RainDance|[upkeep]\n|-heal|p1a: Blissey|92/100|[from] item: Leftovers\n|upkeep\n|turn|45\n|\n|t:|1790730720\n|move|p2a: Lugia|Earth Power|p1a: Blissey\n|-damage|p1a: Blissey|63/100\n|move|p1a: Blissey|Heal Bell||[still]\n|-activate|p1a: Blissey|move: Heal Bell\n|-fail|p1a: Blissey\n|\n|-weather|none\n|-heal|p1a: Blissey|69/100|[from] item: Leftovers\n|upkeep\n|turn|46\n|\n|t:|1790730722\n|move|p2a: Lugia|Earth Power|p1a: Blissey\n|-damage|p1a: Blissey|37/100\n|-unboost|p1a: Blissey|spd|1\n|move|p1a: Blissey|Soft-Boiled|p1a: Blissey\n|-heal|p1a: Blissey|87/100\n|\n|-heal|p1a: Blissey|93/100|[from] item: Leftovers\n|upkeep\n|turn|47\n|\n|t:|1790730724\n|move|p2a: Lugia|Air Slash|p1a: Blissey\n|-damage|p1a: Blissey|56/100\n|move|p1a: Blissey|Hyper Voice|p2a: Lugia\n|-damage|p2a: Lugia|67/100\n|\n|-heal|p1a: Blissey|62/100|[from] item: Leftovers\n|upkeep\n|turn|48\n|\n|t:|1790730728\n|move|p2a: Lugia|Earth Power|p1a: Blissey\n|-damage|p1a: Blissey|11/100\n|move|p1a: Blissey|Soft-Boiled|p1a: Blissey\n|-heal|p1a: Blissey|61/100\n|\n|-heal|p1a: Blissey|67/100|[from] item: Leftovers\n|upkeep\n|turn|49\n|\n|t:|1790730731\n|move|p2a: Lugia|Earth Power|p1a: Blissey\n|-damage|p1a: Blissey|22/100\n|-unboost|p1a: Blissey|spd|1\n|move|p1a: Blissey|Soft-Boiled|p1a: Blissey\n|-heal|p1a: Blissey|72/100\n|\n|-heal|p1a: Blissey|79/100|[from] item: Leftovers\n|upkeep\n|turn|50\n|\n|t:|1790730733\n|move|p2a: Lugia|Air Slash|p1a: Blissey\n|-damage|p1a: Blissey|27/100\n|cant|p1a: Blissey|flinch\n|\n|-heal|p1a: Blissey|33/100|[from] item: Leftovers\n|upkeep\n|turn|51\n|\n|t:|1790730735\n|move|p2a: Lugia|Air Slash|p1a: Blissey|[miss]\n|-miss|p2a: Lugia|p1a: Blissey\n|move|p1a: Blissey|Hyper Voice|p2a: Lugia\n|-damage|p2a: Lugia|63/100\n|\n|-heal|p1a: Blissey|39/100|[from] item: Leftovers\n|upkeep\n|turn|52\n|\n|t:|1790730738\n|move|p2a: Lugia|Air Slash|p1a: Blissey\n|-damage|p1a: Blissey|0 fnt\n|faint|p1a: Blissey\n|\n|upkeep\n|\n|t:|1790730738\n|switch|p1a: Hatterene|Hatterene|100/100\n|-damage|p1a: Hatterene|88/100|[from] Stealth Rock\n|turn|53\n|\n|t:|1790730740\n|move|p2a: Lugia|Air Slash|p1a: Hatterene\n|-damage|p1a: Hatterene|0 fnt\n|faint|p1a: Hatterene\n|\n|upkeep\n|\n|t:|1790730740\n|switch|p1a: Tinkaton|Tinkaton|84/100\n|-damage|p1a: Tinkaton|78/100|[from] Stealth Rock\n|-ability|p1a: Tinkaton|Mold Breaker\n|turn|54\n|\n|t:|1790730744\n|move|p2a: Lugia|Earth Power|p1a: Tinkaton\n|-supereffective|p1a: Tinkaton\n|-crit|p1a: Tinkaton\n|-damage|p1a: Tinkaton|0 fnt\n|faint|p1a: Tinkaton\n|\n|upkeep\n|\n|t:|1790730744\n|switch|p1a: Kingambit|Kingambit|94/100\n|-damage|p1a: Kingambit|88/100|[from] Stealth Rock\n|-activate|p1a: Kingambit|ability: Supreme Overlord\n|-start|p1a: Kingambit|fallen5|[silent]\n|turn|55\n|\n|t:|1790730746\n|move|p1a: Kingambit|Sucker Punch|p2a: Lugia\n|-damage|p2a: Lugia|22/100\n|move|p2a: Lugia|Earth Power|p1a: Kingambit\n|-supereffective|p1a: Kingambit\n|-damage|p1a: Kingambit|0 fnt\n|faint|p1a: Kingambit\n|-end|p1a: Kingambit|fallen5|[silent]\n|\n|win|SlimeQueenSamantha\n",
	"inputlog": ">start {\"formatid\":\"gen9rpou\",\"seed\":\"sodium,35550f16b7ff6b66dfca3555074e357c\",\"rated\":\"Rated battle\"}\n>player p1 {\"name\":\"Bunny Stockfish\",\"avatar\":\"bunny.png\",\"team\":\"Tinkaton||AirBalloon|MoldBreaker|StealthRock,GigatonHammer,VelvetPress,KnockOff|Jolly|252,,,,24,232|N||||,,,,,Ghost]Hatterene||FocusSash|MagicBounce|VelvetPress,PsychicNoise,DazzlingGleam,HealingWish|Quiet|252,,4,252,,|N|,0,,,,0|||,,,G,,Steel]Vaporeon||Leftovers|LiquidBody|Scald,Wish,VelvetGuard,IceBeam|Calm|252,,4,,252,|N|,0,,,,|||,,,,,Ghost]Garchomp||Garchompite|RoughSkin|Earthquake,DragonTail,StealthRock,Spikes|Impish|252,,216,,,40|N||||,,,,,Steel]Kingambit||LumBerry|SupremeOverlord|SwordsDance,SuckerPunch,KowtowCleave,CarrionFeast|Adamant|,252,4,,,252|N||||,,,,,Fire]Blissey||Leftovers|Caretaker|SoftBoiled,StealthRock,HealBell,HyperVoice|Careful|252,,4,,252,|N|,0,,,,|||,,,,,Dark\",\"rating\":1339}\n>player p2 {\"name\":\"SlimeQueenSamantha\",\"avatar\":\"queen.png\",\"team\":\"Lugia||HeavyDutyBoots|Multiscale|CalmMind,AirSlash,EarthPower,Recover|Timid|248,,8,,,252|N|,0,,,,|||,,,,,Ground]Blissey||HeavyDutyBoots|Caretaker|SoftBoiled,StealthRock,Toxic,SeismicToss|Bold|252,,252,,4,|N|,0,,,,|||,,,,,Water]Registeel||Leftovers|Unaware|SlackOff,IronDefense,Amnesia,velvetpress|Calm|252,,,4,252,|N|,0,,,,|||,,,,,Fairy]Umbreon||Leftovers|MoonlitVenom|Wish,Protect,KnockOff,Teleport|Careful|252,4,,,252,|N||||,,,,,Poison]Spiritomb||Leftovers|KeystoneLegion|soultoll,StrengthSap,PartingShot,WillOWisp|Careful|252,4,,,252,|N||S||,,,,,Dragon]Clodsire||HeavyDutyBoots|WaterAbsorb|ToxicSpikes,Punishment,Earthquake,Recover|Careful|248,8,244,,8,|N||||,,,,,Fire\",\"rating\":1455}\n>chat ☆Bunny Stockfish|Good luck! Playing on **stockfish**.\n>p1 team 4, 1, 5, 3, 6, 2\n>p2 team 2, 1, 3, 4, 5, 6\n>p1 move earthquake mega\n>p2 move stealthrock\n>p1 move earthquake\n>p2 switch 2\n>p1 move stealthrock\n>p2 move calmmind\n>p1 move spikes\n>p2 move airslash\n>p1 move spikes\n>p2 move calmmind\n>p1 move spikes\n>p2 move calmmind\n>p1 move spikes\n>p2 move calmmind\n>p1 move dragontail\n>p2 move airslash\n>p1 move earthquake\n>p2 move knockoff\n>p1 move earthquake\n>p2 move protect\n>p1 move earthquake\n>p2 move wish\n>p2 switch 4\n>p1 move dragontail\n>p2 move airslash\n>p1 switch 3\n>p1 switch 2\n>p2 move earthpower terastallize\n>p1 move gigatonhammer\n>p2 move airslash\n>p1 switch 5\n>p2 move calmmind\n>p1 move hypervoice\n>p2 move calmmind\n>p1 move hypervoice\n>p2 move recover\n>p1 move hypervoice\n>p2 move calmmind\n>p1 move hypervoice\n>p2 move calmmind\n>p1 move hypervoice\n>p2 move calmmind\n>p1 move healbell\n>p2 move calmmind\n>p1 move healbell\n>p2 move airslash\n>p1 move softboiled\n>p2 move airslash\n>p1 move healbell\n>p2 move airslash\n>p1 move softboiled\n>p2 move airslash\n>p1 move healbell\n>p2 move airslash\n>p1 move softboiled\n>p2 move airslash\n>p1 move softboiled\n>p2 move airslash\n>p1 move healbell\n>p2 move airslash\n>p1 move softboiled\n>p2 move airslash\n>p1 move healbell\n>p2 move airslash\n>p1 move softboiled\n>p2 move airslash\n>p1 move healbell\n>p2 move airslash\n>p1 move softboiled\n>p2 move earthpower\n>p1 move healbell\n>p2 move earthpower\n>p1 move softboiled\n>p2 move earthpower\n>p1 move healbell\n>p2 move earthpower\n>p1 move softboiled\n>p2 move earthpower\n>p1 move healbell\n>p2 move earthpower\n>p1 switch 4\n>p2 move airslash\n>p1 move scald dynamax\n>p2 move airslash\n>p1 move scald dynamax\n>p2 move airslash\n>p1 switch 4\n>p1 move softboiled\n>p2 move earthpower\n>p1 move softboiled\n>p2 move earthpower\n>p1 move healbell\n>p2 move earthpower\n>p1 move softboiled\n>p2 move earthpower\n>p1 move hypervoice\n>p2 move airslash\n>p1 move softboiled\n>p2 move earthpower\n>p1 move softboiled\n>p2 move earthpower\n>p1 move softboiled\n>p2 move airslash\n>p1 move hypervoice\n>p2 move airslash\n>p1 move hypervoice\n>p2 move airslash\n>p1 switch 6\n>p1 move velvetpress\n>p2 move airslash\n>p1 switch 5\n>p1 move gigatonhammer\n>p2 move earthpower\n>p1 switch 2\n>p1 move suckerpunch\n>p2 move earthpower",
	"uploadtime": 1790730746
}