{
	"id": "gen9rpou-13-tliry4",
	"format": "[Gen 9] RP OU",
	"players": [
		"Bunny Stockfish",
		"SlimeQueenSamantha"
	],
	"rating": null,
	"log": "|j|☆Bunny Stockfish\n|j|☆SlimeQueenSamantha\n|t:|1789668908\n|gametype|singles\n|player|p1|Bunny Stockfish|bunny.png|1332\n|player|p2|SlimeQueenSamantha|queen.png|1563\n|gen|9\n|tier|[Gen 9] RP OU\n|rated|\n|rule|HP Percentage Mod: HP is shown in percentages\n|rule|Endless Battle Clause: Forcing endless battles is banned\n|rule|Species Clause: Limit one of each Pokémon\n|rule|OHKO Clause: OHKO moves are banned\n|rule|Evasion Clause: Evasion abilities, items, and moves are banned\n|rule|Evasion Abilities Clause: Evasion abilities are banned\n|rule|Evasion Items Clause: Evasion items are banned\n|rule|Evasion Moves Clause: Evasion moves are banned\n|rule|Sleep Clause Mod: Limit one foe put to sleep\n|clearpoke\n|poke|p1|Blissey|\n|poke|p1|Iron Crown|\n|poke|p1|Iron Moth|\n|poke|p1|Landorus-Therian|\n|poke|p1|Zamazenta-*|\n|poke|p1|Meowscarada|\n|poke|p2|Spiritomb|\n|poke|p2|Glaceon|\n|poke|p2|Garchomp|\n|poke|p2|Roserade|\n|poke|p2|Togekiss|\n|poke|p2|Lucario|\n|teampreview\n|c|☆Bunny Stockfish|Good luck! Playing on **stockfish**.\n|\n|t:|1789668912\n|teamsize|p1|6\n|teamsize|p2|6\n|start\n|switch|p1a: Iron Moth|Iron Moth|100/100\n|switch|p2a: Garchomp|Garchomp|100/100\n|turn|1\n|\n|t:|1789668915\n|-end|p1a: Iron Moth|Quark Drive|[silent]\n|switch|p1a: Zamazenta|Zamazenta|100/100\n|-ability|p1a: Zamazenta|Dauntless Shield|boost\n|-boost|p1a: Zamazenta|def|1\n|move|p2a: Garchomp|Earthquake|p1a: Zamazenta\n|-damage|p1a: Zamazenta|77/100\n|\n|upkeep\n|turn|2\n|\n|t:|1789668918\n|move|p1a: Zamazenta|Ice Fang|p2a: Garchomp\n|-supereffective|p2a: Garchomp\n|-damage|p2a: Garchomp|56/100\n|-damage|p1a: Zamazenta|64/100|[from] ability: Rough Skin|[of] p2a: Garchomp\n|-damage|p1a: Zamazenta|48/100|[from] item: Rocky Helmet|[of] p2a: Garchomp\n|move|p2a: Garchomp|Dragon Tail|p1a: Zamazenta\n|-damage|p1a: Zamazenta|33/100\n|drag|p1a: Iron Crown|Iron Crown|100/100\n|\n|upkeep\n|turn|3\n|\n|t:|1789668921\n|-end|p1a: Iron Crown|Quark Drive|[silent]\n|switch|p1a: Zamazenta|Zamazenta|33/100\n|move|p2a: Garchomp|Stealth Rock|p1a: Zamazenta\n|-sidestart|p1: Bunny Stockfish|move: Stealth Rock\n|\n|upkeep\n|turn|4\n|\n|t:|1789668925\n|move|p1a: Zamazenta|Ice Fang|p2a: Garchomp\n|-supereffective|p2a: Garchomp\n|-damage|p2a: Garchomp|9/100\n|-damage|p1a: Zamazenta|21/100|[from] ability: Rough Skin|[of] p2a: Garchomp\n|-damage|p1a: Zamazenta|5/100|[from] item: Rocky Helmet|[of] p2a: Garchomp\n|move|p2a: Garchomp|Spikes|p1a: Zamazenta\n|-sidestart|p1: Bunny Stockfish|Spikes\n|\n|upkeep\n|turn|5\n|\n|t:|1789668933\n|move|p1a: Zamazenta|Ice Fang|p2a: Garchomp\n|-supereffective|p2a: Garchomp\n|-damage|p2a: Garchomp|0 fnt\n|-damage|p1a: Zamazenta|0 fnt|[from] ability: Rough Skin|[of] p2a: Garchomp\n|faint|p2a: Garchomp\n|faint|p1a: Zamazenta\n|\n|upkeep\n|\n|t:|1789668937\n|switch|p1a: Iron Moth|Iron Moth|100/100\n|switch|p2a: Glaceon|Glaceon|100/100\n|-damage|p1a: Iron Moth|76/100|[from] Stealth Rock\n|-damage|p1a: Iron Moth|63/100|[from] Spikes\n|-weather|Snowscape|[from] ability: Diamond Dust|[of] p2a: Glaceon\n|turn|6\n|\n|t:|1789668939\n|-terastallize|p1a: Iron Moth|Fire\n|move|p2a: Glaceon|Earth Power|p1a: Iron Moth\n|-supereffective|p1a: Iron Moth\n|-damage|p1a: Iron Moth|0 fnt\n|faint|p1a: Iron Moth\n|-end|p1a: Iron Moth|Quark Drive|[silent]\n|-damage|p2a: Glaceon|91/100|[from] item: Life Orb\n|\n|-weather|Snowscape|[upkeep]\n|upkeep\n|\n|t:|1789668939\n|switch|p1a: Landorus|Landorus-Therian|100/100\n|-damage|p1a: Landorus|88/100|[from] Stealth Rock\n|-ability|p1a: Landorus|Intimidate|boost\n|-unboost|p2a: Glaceon|atk|1\n|turn|7\n|\n|t:|1789668942\n|-start|p1a: Landorus|Dynamax|\n|-heal|p1a: Landorus|88/100|[silent]\n|move|p2a: Glaceon|Blizzard|p1a: Landorus\n|-supereffective|p1a: Landorus\n|-damage|p1a: Landorus|0 fnt\n|faint|p1a: Landorus\n|-damage|p2a: Glaceon|81/100|[from] item: Life Orb\n|\n|-weather|Snowscape|[upkeep]\n|upkeep\n|\n|t:|1789668942\n|switch|p1a: Iron Crown|Iron Crown|100/100\n|-damage|p1a: Iron Crown|94/100|[from] Stealth Rock\n|-damage|p1a: Iron Crown|82/100|[from] Spikes\n|turn|8\n|\n|t:|1789668947\n|move|p2a: Glaceon|Earth Power|p1a: Iron Crown\n|-supereffective|p1a: Iron Crown\n|-damage|p1a: Iron Crown|23/100\n|-damage|p2a: Glaceon|71/100|[from] item: Life Orb\n|move|p1a: Iron Crown|Focus Blast|p2a: Glaceon\n|-supereffective|p2a: Glaceon\n|-damage|p2a: Glaceon|0 fnt\n|faint|p2a: Glaceon\n|\n|-weather|Snowscape|[upkeep]\n|upkeep\n|\n|t:|1789668951\n|switch|p2a: Lucario|Lucario|100/100\n|turn|9\n|\n|t:|1789668955\n|detailschange|p2a: Lucario|Lucario-Mega-Z\n|-mega|p2a: Lucario|Lucario|Lucarionite Z\n|move|p2a: Lucario|Nasty Plot|p2a: Lucario\n|-boost|p2a: Lucario|spa|2\n|move|p1a: Iron Crown|Focus Blast|p2a: Lucario|[miss]\n|-miss|p1a: Iron Crown|p2a: Lucario\n|\n|-weather|Snowscape|[upkeep]\n|upkeep\n|turn|10\n|\n|t:|1789668957\n|move|p2a: Lucario|Aura Sphere|p1a: Iron Crown\n|-damage|p1a: Iron Crown|0 fnt\n|faint|p1a: Iron Crown\n|-end|p1a: Iron Crown|Quark Drive|[silent]\n|\n|-weather|none\n|upkeep\n|\n|t:|1789668957\n|switch|p1a: Blissey|Blissey|100/100\n|turn|11\n|\n|t:|1789668959\n|move|p2a: Lucario|Aura Sphere|p1a: Blissey\n|-supereffective|p1a: Blissey\n|-damage|p1a: Blissey|43/100\n|move|p1a: Blissey|Seismic Toss|p2a: Lucario\n|-damage|p2a: Lucario|65/100\n|\n|upkeep\n|turn|12\n|\n|t:|1789668961\n|move|p2a: Lucario|Aura Sphere|p1a: Blissey\n|-supereffective|p1a: Blissey\n|-damage|p1a: Blissey|0 fnt\n|faint|p1a: Blissey\n|\n|upkeep\n|\n|t:|1789668961\n|switch|p1a: Meowscarada|Meowscarada|100/100\n|turn|13\n|\n|t:|1789668963\n|move|p2a: Lucario|Aura Sphere|p1a: Meowscarada\n|-supereffective|p1a: Meowscarada\n|-damage|p1a: Meowscarada|0 fnt\n|faint|p1a: Meowscarada\n|\n|win|SlimeQueenSamantha\n",
	"inputlog": ">start {\"formatid\":\"gen9rpou\",\"seed\":\"sodium,1e2896b965b12981bf881c7b79757089\",\"rated\":\"Rated battle\"}\n>player p1 {\"name\":\"Bunny Stockfish\",\"avatar\":\"bunny.png\",\"team\":\"Blissey||HeavyDutyBoots|Healer|SoftBoiled,CalmMind,SeismicToss,ShadowBall|Calm|4,,252,,252,|N|,0,,,,|||,,,,,Dark]Iron Crown||AssaultVest|QuarkDrive|TachyonCutter,PsychicNoise,FocusBlast,VoltSwitch|Timid|,,,252,4,252|N|,20,,,,|||,,,,,Fairy]Iron Moth||ChoiceSpecs|QuarkDrive|Overheat,FieryDance,SludgeWave,Psychic|Timid|,,4,252,,252|N|,0,,,,|||,,,,,Fire]Landorus|LandorusTherian|ChoiceScarf|Intimidate|Earthquake,StoneEdge,Uturn,StealthRock|Naive|,252,4,,,252|N||||,,,,,Ground]Zamazenta||LightClay|DauntlessShield|Reflect,LightScreen,CloseCombat,IceFang|Jolly|252,,4,,,252|N||||,,,,,Steel]Meowscarada||HeavyDutyBoots|Protean|KnockOff,FlowerTrick,TripleAxel,Uturn|Jolly|,252,,,4,252|N||||,,,,,Dark\",\"rating\":1332}\n>player p2 {\"name\":\"SlimeQueenSamantha\",\"avatar\":\"queen.png\",\"team\":\"Spiritomb||Leftovers|KeystoneLegion|SoulToll,StrengthSap,PartingShot,WillOWisp|Calm|252,,4,,252,|N||||,,,,,Fairy]Glaceon||LifeOrb|DiamondDust|Blizzard,FreezeDry,AuroraVeil,EarthPower|Modest|,,4,252,,252|N|,0,,,,|||,,,,,Ice]Garchomp||RockyHelmet|RoughSkin|Earthquake,DragonTail,StealthRock,Spikes|Impish|252,,216,,,40|N||||,,,,,Ghost]Roserade||HeavyDutyBoots|Masquerade|ThornedBouquet,Oxidize,NastyPlot,MortalSpin|Timid|,,,252,4,252|N||||,,,,,Water]Togekiss||ChoiceScarf|SereneGrace|AirSlash,Uturn,AlluringVoice,Flamethrower|Timid|,,,252,4,252|N||||,,,,,Flying]Lucario||LucarioniteZ|Steadfast|NastyPlot,AuraSphere,FlashCannon,HiddenPowerIce|Timid|,,,252,,252|N|,0,,,,|||,Ice,,,,Ghost\",\"rating\":1563}\n>chat ☆Bunny Stockfish|Good luck! Playing on **stockfish**.\n>p1 team 3, 5, 6, 2, 4, 1\n>p2 team 3, 2, 1, 4, 5, 6\n>p1 switch 2\n>p2 move earthquake\n>p1 move icefang\n>p2 move dragontail\n>p1 switch 4\n>p2 move stealthrock\n>p1 move icefang\n>p2 move spikes\n>p1 move icefang\n>p2 move spikes\n>p1 switch 2\n>p2 switch 2\n>p1 move overheat terastallize\n>p2 move earthpower\n>p1 switch 5\n>p1 move stoneedge dynamax\n>p2 move blizzard\n>p1 switch 4\n>p1 move focusblast\n>p2 move earthpower\n>p2 switch 6\n>p1 move focusblast\n>p2 move nastyplot mega\n>p1 move focusblast\n>p2 move aurasphere\n>p1 switch 6\n>p1 move seismictoss\n>p2 move aurasphere\n>p1 move seismictoss\n>p2 move aurasphere\n>p1 switch 3\n>p1 move flowertrick\n>p2 move aurasphere",
	"uploadtime": 1789668963
}