{
	"id": "gen9rpou-1-tlhl8i",
	"format": "[Gen 9] RP OU",
	"players": [
		"Bunny Stockfish",
		"SlimeQueenSamantha"
	],
	"rating": null,
	"log": "|j|☆Bunny Stockfish\n|j|☆SlimeQueenSamantha\n|t:|1789611985\n|gametype|singles\n|player|p1|Bunny Stockfish|bunny.png|1332\n|player|p2|SlimeQueenSamantha|queen.png|1345\n|gen|9\n|tier|[Gen 9] RP OU\n|rated|\n|rule|HP Percentage Mod: HP is shown in percentages\n|rule|Endless Battle Clause: Forcing endless battles is banned\n|rule|Species Clause: Limit one of each Pokémon\n|rule|OHKO Clause: OHKO moves are banned\n|rule|Evasion Clause: Evasion abilities, items, and moves are banned\n|rule|Evasion Abilities Clause: Evasion abilities are banned\n|rule|Evasion Items Clause: Evasion items are banned\n|rule|Evasion Moves Clause: Evasion moves are banned\n|rule|Sleep Clause Mod: Limit one foe put to sleep\n|clearpoke\n|poke|p1|Kingambit|\n|poke|p1|Dragonite|\n|poke|p1|Clefable|\n|poke|p1|Arcanine-Hisui|\n|poke|p1|Landorus-Therian|\n|poke|p1|Zamazenta-*|\n|poke|p2|Spiritomb|\n|poke|p2|Glaceon|\n|poke|p2|Garchomp|\n|poke|p2|Roserade|\n|poke|p2|Togekiss|\n|poke|p2|Lucario|\n|teampreview\n|c|☆Bunny Stockfish|Good luck! Playing on **stockfish**.\n|\n|t:|1789612022\n|teamsize|p1|6\n|teamsize|p2|6\n|start\n|switch|p1a: Zamazenta|Zamazenta|100/100\n|switch|p2a: Garchomp|Garchomp|100/100\n|-ability|p1a: Zamazenta|Dauntless Shield|boost\n|-boost|p1a: Zamazenta|def|1\n|turn|1\n|\n|t:|1789612026\n|move|p1a: Zamazenta|Close Combat|p2a: Garchomp\n|-damage|p2a: Garchomp|68/100\n|-unboost|p1a: Zamazenta|def|1\n|-unboost|p1a: Zamazenta|spd|1\n|-damage|p1a: Zamazenta|88/100|[from] ability: Rough Skin|[of] p2a: Garchomp\n|-damage|p1a: Zamazenta|72/100|[from] item: Rocky Helmet|[of] p2a: Garchomp\n|move|p2a: Garchomp|Stealth Rock|p1a: Zamazenta\n|-sidestart|p1: Bunny Stockfish|move: Stealth Rock\n|\n|upkeep\n|turn|2\n|\n|t:|1789612031\n|switch|p2a: Spiritomb|Spiritomb|100/100\n|move|p1a: Zamazenta|Close Combat|p2a: Spiritomb\n|-immune|p2a: Spiritomb\n|\n|upkeep\n|turn|3\n|\n|t:|1789612035\n|move|p1a: Zamazenta|Reflect|p1a: Zamazenta\n|-sidestart|p1: Bunny Stockfish|Reflect\n|move|p2a: Spiritomb|Will-O-Wisp|p1a: Zamazenta\n|-status|p1a: Zamazenta|brn\n|\n|-damage|p1a: Zamazenta|65/100 brn|[from] brn\n|upkeep\n|turn|4\n|\n|t:|1789612039\n|move|p1a: Zamazenta|Reflect||[still]\n|-fail|p1a: Zamazenta\n|move|p2a: Spiritomb|Strength Sap|p1a: Zamazenta\n|-unboost|p1a: Zamazenta|atk|1\n|\n|-damage|p1a: Zamazenta|59/100 brn|[from] brn\n|upkeep\n|turn|5\n|\n|t:|1789612042\n|move|p1a: Zamazenta|Reflect||[still]\n|-fail|p1a: Zamazenta\n|move|p2a: Spiritomb|Soul Toll|p1a: Zamazenta\n|-damage|p1a: Zamazenta|0 fnt\n|faint|p1a: Zamazenta\n|\n|upkeep\n|\n|t:|1789612042\n|switch|p1a: Dragonite|Dragonite|100/100\n|-damage|p1a: Dragonite|76/100|[from] Stealth Rock\n|turn|6\n|\n|t:|1789612044\n|-terastallize|p1a: Dragonite|Normal\n|move|p1a: Dragonite|Outrage|p2a: Spiritomb\n|-damage|p2a: Spiritomb|17/100\n|move|p2a: Spiritomb|Will-O-Wisp|p1a: Dragonite\n|-status|p1a: Dragonite|brn\n|\n|-heal|p2a: Spiritomb|23/100|[from] item: Leftovers\n|-damage|p1a: Dragonite|70/100 brn|[from] brn\n|upkeep\n|turn|7\n|\n|t:|1789612050\n|move|p1a: Dragonite|Outrage|p2a: Spiritomb|[from] lockedmove\n|-ability|p2a: Spiritomb|Keystone Legion\n|-message|The spirits of the keystone shield Spiritomb!\n|-start|p1a: Dragonite|Curse|[of] p2a: Spiritomb\n|-damage|p2a: Spiritomb|1/100\n|move|p2a: Spiritomb|Strength Sap|p1a: Dragonite\n|-unboost|p1a: Dragonite|atk|1\n|-heal|p2a: Spiritomb|100/100\n|\n|-damage|p1a: Dragonite|63/100 brn|[from] brn\n|-damage|p1a: Dragonite|39/100 brn|[from] Curse\n|upkeep\n|turn|8\n|\n|t:|1789612053\n|move|p2a: Spiritomb|Soul Toll|p1a: Dragonite\n|-immune|p1a: Dragonite\n|move|p1a: Dragonite|Outrage|p2a: Spiritomb|[from] lockedmove\n|-damage|p2a: Spiritomb|71/100\n|-start|p1a: Dragonite|confusion|[fatigue]\n|\n|-heal|p2a: Spiritomb|77/100|[from] item: Leftovers\n|-damage|p1a: Dragonite|32/100 brn|[from] brn\n|-damage|p1a: Dragonite|8/100 brn|[from] Curse\n|upkeep\n|turn|9\n|\n|t:|1789612057\n|-activate|p1a: Dragonite|confusion\n|move|p1a: Dragonite|Outrage|p2a: Spiritomb\n|-damage|p2a: Spiritomb|49/100\n|move|p2a: Spiritomb|Strength Sap|p1a: Dragonite\n|-unboost|p1a: Dragonite|atk|1\n|-heal|p2a: Spiritomb|100/100\n|\n|-damage|p1a: Dragonite|1/100 brn|[from] brn\n|-damage|p1a: Dragonite|0 fnt|[from] Curse\n|faint|p1a: Dragonite\n|-message|A soul joins the legion. Spiritomb's keystone mends!\n|upkeep\n|\n|t:|1789612057\n|switch|p1a: Arcanine|Arcanine-Hisui|100/100\n|-damage|p1a: Arcanine|76/100|[from] Stealth Rock\n|turn|10\n|\n|t:|1789612071\n|-start|p1a: Arcanine|Dynamax|\n|-heal|p1a: Arcanine|76/100|[silent]\n|move|p1a: Arcanine|Max Rockfall|p2a: Spiritomb\n|-damage|p2a: Spiritomb|46/100\n|-weather|Sandstorm\n|move|p2a: Spiritomb|Strength Sap|p1a: Arcanine\n|-unboost|p1a: Arcanine|atk|1\n|-heal|p2a: Spiritomb|100/100\n|\n|-weather|Sandstorm|[upkeep]\n|-damage|p2a: Spiritomb|94/100|[from] Sandstorm\n|-heal|p2a: Spiritomb|100/100|[from] item: Leftovers\n|-sideend|p1: Bunny Stockfish|Reflect\n|upkeep\n|turn|11\n|\n|t:|1789612081\n|move|p1a: Arcanine|Max Rockfall|p2a: Spiritomb\n|-damage|p2a: Spiritomb|63/100\n|move|p2a: Spiritomb|Soul Toll|p1a: Arcanine\n|-damage|p1a: Arcanine|64/100\n|\n|-weather|Sandstorm|[upkeep]\n|-damage|p2a: Spiritomb|56/100|[from] Sandstorm\n|-heal|p2a: Spiritomb|63/100|[from] item: Leftovers\n|upkeep\n|turn|12\n|\n|t:|1789612088\n|move|p1a: Arcanine|Max Rockfall|p2a: Spiritomb\n|-damage|p2a: Spiritomb|28/100\n|move|p2a: Spiritomb|Strength Sap|p1a: Arcanine\n|-unboost|p1a: Arcanine|atk|1\n|-heal|p2a: Spiritomb|86/100\n|\n|-weather|Sandstorm|[upkeep]\n|-damage|p2a: Spiritomb|80/100|[from] Sandstorm\n|-heal|p2a: Spiritomb|86/100|[from] item: Leftovers\n|upkeep\n|-end|p1a: Arcanine|Dynamax\n|-heal|p1a: Arcanine|64/100|[silent]\n|turn|13\n|\n|t:|1789612092\n|move|p1a: Arcanine|Head Smash|p2a: Spiritomb\n|-damage|p2a: Spiritomb|43/100\n|move|p2a: Spiritomb|Strength Sap|p1a: Arcanine\n|-unboost|p1a: Arcanine|atk|1\n|-heal|p2a: Spiritomb|87/100\n|\n|-weather|Sandstorm|[upkeep]\n|-damage|p2a: Spiritomb|80/100|[from] Sandstorm\n|-heal|p2a: Spiritomb|87/100|[from] item: Leftovers\n|upkeep\n|turn|14\n|\n|t:|1789612095\n|move|p1a: Arcanine|Head Smash|p2a: Spiritomb\n|-damage|p2a: Spiritomb|55/100\n|move|p2a: Spiritomb|Soul Toll|p1a: Arcanine\n|-damage|p1a: Arcanine|40/100\n|\n|-weather|none\n|-heal|p2a: Spiritomb|61/100|[from] item: Leftovers\n|upkeep\n|turn|15\n|\n|t:|1789612100\n|switch|p1a: Kingambit|Kingambit|100/100\n|-damage|p1a: Kingambit|94/100|[from] Stealth Rock\n|-activate|p1a: Kingambit|ability: Supreme Overlord\n|-start|p1a: Kingambit|fallen2|[silent]\n|move|p2a: Spiritomb|Strength Sap|p1a: Kingambit\n|-unboost|p1a: Kingambit|atk|1\n|-heal|p2a: Spiritomb|100/100\n|\n|-heal|p1a: Kingambit|100/100|[from] item: Leftovers\n|upkeep\n|turn|16\n|\n|t:|1789612104\n|move|p1a: Kingambit|Swords Dance|p1a: Kingambit\n|-boost|p1a: Kingambit|atk|2\n|move|p2a: Spiritomb|Will-O-Wisp|p1a: Kingambit\n|-status|p1a: Kingambit|brn\n|\n|-damage|p1a: Kingambit|94/100 brn|[from] brn\n|upkeep\n|turn|17\n|\n|t:|1789612106\n|move|p1a: Kingambit|Swords Dance|p1a: Kingambit\n|-boost|p1a: Kingambit|atk|2\n|move|p2a: Spiritomb|Strength Sap|p1a: Kingambit\n|-unboost|p1a: Kingambit|atk|1\n|\n|-heal|p1a: Kingambit|100/100 brn|[from] item: Leftovers\n|-damage|p1a: Kingambit|94/100 brn|[from] brn\n|upkeep\n|turn|18\n|\n|t:|1789612110\n|move|p1a: Kingambit|Swords Dance|p1a: Kingambit\n|-boost|p1a: Kingambit|atk|2\n|move|p2a: Spiritomb|Parting Shot|p1a: Kingambit\n|-unboost|p1a: Kingambit|atk|1\n|-unboost|p1a: Kingambit|spa|1\n|\n|t:|1789612117\n|switch|p2a: Lucario|Lucario|100/100|[from] Parting Shot\n|\n|-heal|p1a: Kingambit|100/100 brn|[from] item: Leftovers\n|-damage|p1a: Kingambit|94/100 brn|[from] brn\n|upkeep\n|turn|19\n|\n|t:|1789612120\n|-end|p1a: Kingambit|fallen2|[silent]\n|switch|p1a: Landorus|Landorus-Therian|100/100\n|-damage|p1a: Landorus|88/100|[from] Stealth Rock\n|-ability|p1a: Landorus|Intimidate|boost\n|-unboost|p2a: Lucario|atk|1\n|detailschange|p2a: Lucario|Lucario-Mega-Z\n|-mega|p2a: Lucario|Lucario|Lucarionite Z\n|move|p2a: Lucario|Aura Sphere|p1a: Landorus\n|-resisted|p1a: Landorus\n|-damage|p1a: Landorus|52/100\n|\n|upkeep\n|turn|20\n|\n|t:|1789612124\n|move|p1a: Landorus|Earthquake|p2a: Lucario\n|-supereffective|p2a: Lucario\n|-damage|p2a: Lucario|0 fnt\n|faint|p2a: Lucario\n|detailschange|p2: Lucario|Lucario|[silent]\n|\n|upkeep\n|\n|t:|1789612130\n|switch|p2a: Glaceon|Glaceon|100/100\n|-weather|Snowscape|[from] ability: Diamond Dust|[of] p2a: Glaceon\n|turn|21\n|\n|t:|1789612133\n|switch|p1a: Kingambit|Kingambit|94/100 brn\n|-damage|p1a: Kingambit|88/100 brn|[from] Stealth Rock\n|-activate|p1a: Kingambit|ability: Supreme Overlord\n|-start|p1a: Kingambit|fallen2|[silent]\n|-terastallize|p2a: Glaceon|Ice\n|move|p2a: Glaceon|Blizzard|p1a: Kingambit\n|-resisted|p1a: Kingambit\n|-crit|p1a: Kingambit\n|-damage|p1a: Kingambit|4/100 brn\n|-damage|p2a: Glaceon|91/100|[from] item: Life Orb\n|\n|-weather|Snowscape|[upkeep]\n|-heal|p1a: Kingambit|10/100 brn|[from] item: Leftovers\n|-damage|p1a: Kingambit|4/100 brn|[from] brn\n|upkeep\n|turn|22\n|\n|t:|1789612136\n|-end|p1a: Kingambit|fallen2|[silent]\n|switch|p1a: Arcanine|Arcanine-Hisui|40/100\n|-damage|p1a: Arcanine|15/100|[from] Stealth Rock\n|move|p2a: Glaceon|Aurora Veil|p2a: Glaceon\n|-sidestart|p2: SlimeQueenSamantha|move: Aurora Veil\n|\n|-weather|Snowscape|[upkeep]\n|upkeep\n|turn|23\n|\n|t:|1789612142\n|move|p2a: Glaceon|Earth Power|p1a: Arcanine\n|-supereffective|p1a: Arcanine\n|-damage|p1a: Arcanine|0 fnt\n|faint|p1a: Arcanine\n|-damage|p2a: Glaceon|81/100|[from] item: Life Orb\n|\n|-weather|Snowscape|[upkeep]\n|upkeep\n|\n|t:|1789612142\n|switch|p1a: Clefable|Clefable|100/100\n|turn|24\n|\n|t:|1789612145\n|move|p2a: Glaceon|Blizzard|p1a: Clefable\n|-crit|p1a: Clefable\n|-damage|p1a: Clefable|0 fnt\n|faint|p1a: Clefable\n|-damage|p2a: Glaceon|71/100|[from] item: Life Orb\n|\n|-weather|Snowscape|[upkeep]\n|upkeep\n|\n|t:|1789612145\n|switch|p1a: Landorus|Landorus-Therian|52/100\n|-damage|p1a: Landorus|40/100|[from] Stealth Rock\n|-ability|p1a: Landorus|Intimidate|boost\n|-unboost|p2a: Glaceon|atk|1\n|turn|25\n|\n|t:|1789612147\n|move|p1a: Landorus|Stone Edge|p2a: Glaceon\n|-supereffective|p2a: Glaceon\n|-damage|p2a: Glaceon|41/100\n|move|p2a: Glaceon|Blizzard|p1a: Landorus\n|-supereffective|p1a: Landorus\n|-damage|p1a: Landorus|0 fnt\n|faint|p1a: Landorus\n|-damage|p2a: Glaceon|31/100|[from] item: Life Orb\n|\n|-weather|none\n|upkeep\n|\n|t:|1789612147\n|switch|p1a: Kingambit|Kingambit|4/100 brn\n|-damage|p1a: Kingambit|0 fnt|[from] Stealth Rock\n|faint|p1a: Kingambit\n|-end|p1a: Kingambit|fallenundefined|[silent]\n|\n|win|SlimeQueenSamantha\n",
	"inputlog": ">start {\"formatid\":\"gen9rpou\",\"seed\":\"sodium,28af7eb2175baf979f1a1654baed632b\",\"rated\":\"Rated battle\"}\n>player p1 {\"name\":\"Bunny Stockfish\",\"avatar\":\"bunny.png\",\"team\":\"Kingambit||Leftovers|SupremeOverlord|SwordsDance,SuckerPunch,LowKick,IronHead|Adamant|252,252,,,4,|N||||,,,,,Fire]Dragonite||ChoiceBand|Multiscale|Outrage,ExtremeSpeed,Earthquake,FirePunch|Adamant|,252,4,,,252|N||||,,,,,Normal]Clefable||RockyHelmet|MagicGuard|StealthRock,Moonblast,Moonlight,KnockOff|Bold|252,,252,,4,|N||||,,,,,Steel]Arcanine|ArcanineHisui|ChoiceBand|RockHead|HeadSmash,FlareBlitz,ExtremeSpeed,CloseCombat|Jolly|,252,,,4,252|N||||,,,,,Fire]Landorus|LandorusTherian|ChoiceScarf|Intimidate|Earthquake,StoneEdge,Uturn,StealthRock|Naive|,252,,4,,252|N||||,,,,,Ground]Zamazenta||LightClay|DauntlessShield|Reflect,LightScreen,CloseCombat,Roar|Jolly|252,,4,,,252|N||||,,,,,Steel\",\"rating\":1332}\n>player p2 {\"name\":\"SlimeQueenSamantha\",\"avatar\":\"queen.png\",\"team\":\"Spiritomb||Leftovers|KeystoneLegion|SoulToll,StrengthSap,PartingShot,WillOWisp|Calm|252,,4,,252,|N||||,,,,,Ghost]Glaceon||LifeOrb|DiamondDust|Blizzard,FreezeDry,AuroraVeil,EarthPower|Modest|,,4,252,,252|N|,0,,,,|||,,,,,Ice]Garchomp||RockyHelmet|RoughSkin|Earthquake,DragonTail,StealthRock,Spikes|Impish|252,,216,,,40|N||||,,,,,Ghost]Roserade||HeavyDutyBoots|Masquerade|ThornedBouquet,Oxidize,NastyPlot,MortalSpin|Timid|,,,252,4,252|N||||,,,,,Grass]Togekiss||ChoiceScarf|SereneGrace|AirSlash,Uturn,AlluringVoice,Flamethrower|Timid|,,,252,4,252|N||||,,,,,Fairy]Lucario||LucarioniteZ|Steadfast|NastyPlot,AuraSphere,HiddenPowerIce,DarkPulse|Timid|,,,252,,252|N|,0,,,,|||,Ice,,,,Fighting\",\"rating\":1345}\n>chat ☆Bunny Stockfish|Good luck! Playing on **stockfish**.\n>p1 team 6, 5, 4, 2, 3, 1\n>p2 team 3, 2, 1, 4, 5, 6\n>p1 move closecombat\n>p2 move stealthrock\n>p1 move closecombat\n>p2 switch 3\n>p1 move reflect\n>p2 move willowisp\n>p1 move reflect\n>p2 move strengthsap\n>p1 move reflect\n>p2 move soultoll\n>p1 switch 4\n>p1 move outrage terastallize\n>p2 move willowisp\n>p1 move outrage\n>p2 move strengthsap\n>p1 move outrage\n>p2 move soultoll\n>p1 move outrage\n>p2 move strengthsap\n>p1 switch 3\n>p1 move headsmash dynamax\n>p2 move strengthsap\n>p1 move headsmash dynamax\n>p2 move soultoll\n>p1 move headsmash dynamax\n>p2 move strengthsap\n>p1 move headsmash\n>p2 move strengthsap\n>p1 move headsmash\n>p2 move soultoll\n>p1 switch 6\n>p2 move strengthsap\n>p1 move swordsdance\n>p2 move willowisp\n>p1 move swordsdance\n>p2 move strengthsap\n>p1 move swordsdance\n>p2 move partingshot\n>p2 switch 6\n>p1 switch 2\n>p2 move aurasphere mega\n>p1 move earthquake\n>p2 move hiddenpower\n>p2 switch 2\n>p1 switch 2\n>p2 move blizzard terastallize\n>p1 switch 6\n>p2 move auroraveil\n>p1 move headsmash\n>p2 move earthpower\n>p1 switch 5\n>p1 move moonblast\n>p2 move blizzard\n>p1 switch 2\n>p1 move stoneedge\n>p2 move blizzard\n>p1 switch 6",
	"uploadtime": 1789612148
}