{
	"id": "gen9rpou-2-tlvwbi",
	"format": "[Gen 9] RP OU",
	"players": [
		"Bunny Stockfish",
		"SlimeQueenSamantha"
	],
	"rating": null,
	"log": "|j|☆Bunny Stockfish\n|j|☆SlimeQueenSamantha\n|t:|1790279517\n|gametype|singles\n|badge|p1|bronze|gen9rpou|3-3\n|badge|p2|silver|gen9rpou|2-2\n|player|p1|Bunny Stockfish|bunny.png|1338\n|player|p2|SlimeQueenSamantha|queen.png|1462\n|gen|9\n|tier|[Gen 9] RP OU\n|rated|\n|rule|HP Percentage Mod: HP is shown in percentages\n|rule|Endless Battle Clause: Forcing endless battles is banned\n|rule|Species Clause: Limit one of each Pokémon\n|rule|OHKO Clause: OHKO moves are banned\n|rule|Evasion Clause: Evasion abilities, items, and moves are banned\n|rule|Evasion Abilities Clause: Evasion abilities are banned\n|rule|Evasion Items Clause: Evasion items are banned\n|rule|Evasion Moves Clause: Evasion moves are banned\n|rule|Sleep Clause Mod: Limit one foe put to sleep\n|clearpoke\n|poke|p1|Kingambit|\n|poke|p1|Pawmot|\n|poke|p1|Tinkaton|\n|poke|p1|Great Tusk|\n|poke|p1|Regieleki|\n|poke|p1|Ursaluna-Bloodmoon|\n|poke|p2|Banette, F|\n|poke|p2|Ursaluna-Bloodmoon, M|\n|poke|p2|Magearna|\n|poke|p2|Hatterene, F|\n|poke|p2|Kingambit|\n|poke|p2|Stakataka|\n|teampreview\n|c|☆Bunny Stockfish|Good luck! Playing on **stockfish**.\n|\n|t:|1790279520\n|teamsize|p1|6\n|teamsize|p2|6\n|start\n|switch|p1a: Tinkaton|Tinkaton|100/100\n|switch|p2a: Banette|Banette, F, shiny|100/100\n|-ability|p1a: Tinkaton|Mold Breaker\n|-item|p1a: Tinkaton|Air Balloon\n|-item|p1a: Tinkaton|Air Balloon|[from] ability: Frisk|[of] p2a: Banette\n|turn|1\n|\n|t:|1790279524\n|detailschange|p2a: Banette|Banette-Mega-Halloween, F, shiny\n|-mega|p2a: Banette|Banette|Banettite-Halloween\n|-ability|p2a: Banette|Witching Hour\n|-message|The Witching Hour has struck! Banette's tricks can't be stopped, not even by Dark types!\n|-message|Banette's Poltergeist became Witch's Snatch!\n|move|p1a: Tinkaton|Gigaton Hammer|p2a: Banette\n|-damage|p2a: Banette|26/100\n|move|p2a: Banette|Witch's Snatch|p1a: Tinkaton\n|-damage|p1a: Tinkaton|0 fnt\n|-enditem|p1a: Tinkaton|Air Balloon\n|faint|p1a: Tinkaton\n|\n|upkeep\n|\n|t:|1790279525\n|switch|p1a: Great Tusk|Great Tusk|100/100\n|turn|2\n|\n|t:|1790279538\n|-start|p1a: Great Tusk|Dynamax|\n|-heal|p1a: Great Tusk|100/100|[silent]\n|move|p2a: Banette|Twilight Exit|p2a: Banette\n|-fieldstart|move: Trick Room|[of] p2a: Banette\n|\n|t:|1790279542\n|switch|p2a: Ursaluna|Ursaluna-Bloodmoon, M|100/100|[from] Twilight Exit\n|move|p1a: Great Tusk|Max Quake|p2a: Ursaluna\n|-damage|p2a: Ursaluna|62/100\n|-boost|p1a: Great Tusk|spd|1\n|\n|-heal|p2a: Ursaluna|68/100|[from] item: Leftovers\n|upkeep\n|turn|3\n|\n|t:|1790279545\n|move|p2a: Ursaluna|Blood Moon|p1a: Great Tusk\n|-damage|p1a: Great Tusk|62/100\n|move|p1a: Great Tusk|Max Hailstorm|p2a: Ursaluna\n|-supereffective|p2a: Ursaluna\n|-damage|p2a: Ursaluna|21/100\n|-weather|Snowscape\n|\n|-weather|Snowscape|[upkeep]\n|-heal|p2a: Ursaluna|27/100|[from] item: Leftovers\n|upkeep\n|turn|4\n|\n|t:|1790279550\n|move|p2a: Ursaluna|Earth Power|p1a: Great Tusk\n|-damage|p1a: Great Tusk|41/100\n|move|p1a: Great Tusk|Max Quake|p2a: Ursaluna\n|-damage|p2a: Ursaluna|0 fnt\n|-boost|p1a: Great Tusk|spd|1\n|faint|p2a: Ursaluna\n|\n|-weather|Snowscape|[upkeep]\n|upkeep\n|\n|t:|1790279557\n|switch|p2a: Banette|Banette-Mega-Halloween, F, shiny|26/100\n|-ability|p2a: Banette|Witching Hour\n|-message|The Witching Hour has struck! Banette's tricks can't be stopped, not even by Dark types!\n|-end|p1a: Great Tusk|Dynamax\n|-heal|p1a: Great Tusk|41/100|[silent]\n|turn|5\n|\n|t:|1790279559\n|move|p2a: Banette|Witch's Snatch|p1a: Great Tusk\n|-damage|p1a: Great Tusk|0 fnt\n|-enditem|p1a: Great Tusk|Heavy-Duty Boots|[from] move: Witch's Snatch|[of] p2a: Banette\n|faint|p1a: Great Tusk\n|-end|p1a: Great Tusk|Protosynthesis|[silent]\n|\n|-weather|Snowscape|[upkeep]\n|upkeep\n|\n|t:|1790279559\n|switch|p1a: Ursaluna|Ursaluna-Bloodmoon|100/100\n|turn|6\n|\n|t:|1790279571\n|move|p2a: Banette|Twilight Exit|p2a: Banette\n|-fieldend|move: Trick Room\n|\n|t:|1790279574\n|switch|p2a: Hatterene|Hatterene, F|100/100|[from] Twilight Exit\n|move|p1a: Ursaluna|Blood Moon|p2a: Hatterene\n|-damage|p2a: Hatterene|16/100\n|\n|-weather|Snowscape|[upkeep]\n|upkeep\n|turn|7\n|\n|t:|1790279577\n|move|p1a: Ursaluna|Earth Power|p2a: Hatterene\n|-damage|p2a: Hatterene|0 fnt\n|faint|p2a: Hatterene\n|\n|-weather|none\n|upkeep\n|\n|t:|1790279580\n|switch|p2a: Magearna|Magearna|100/100\n|turn|8\n|\n|t:|1790279582\n|move|p1a: Ursaluna|Earth Power|p2a: Magearna\n|-supereffective|p2a: Magearna\n|-damage|p2a: Magearna|9/100\n|move|p2a: Magearna|Trick Room|p2a: Magearna\n|-fieldstart|move: Trick Room|[of] p2a: Magearna\n|\n|-heal|p2a: Magearna|15/100|[from] item: Leftovers\n|upkeep\n|turn|9\n|\n|t:|1790279596\n|move|p1a: Ursaluna|Earth Power|p2a: Magearna\n|-supereffective|p2a: Magearna\n|-damage|p2a: Magearna|0 fnt\n|faint|p2a: Magearna\n|\n|upkeep\n|\n|t:|1790279599\n|switch|p2a: Stakataka|Stakataka|100/100\n|turn|10\n|\n|t:|1790279605\n|-start|p2a: Stakataka|Dynamax|\n|-heal|p2a: Stakataka|100/100|[silent]\n|move|p2a: Stakataka|Max Steelspike|p1a: Ursaluna\n|-damage|p1a: Ursaluna|35/100\n|-boost|p2a: Stakataka|def|1\n|-damage|p2a: Stakataka|96/100|[from] item: Life Orb\n|move|p1a: Ursaluna|Earth Power|p2a: Stakataka\n|-supereffective|p2a: Stakataka\n|-damage|p2a: Stakataka|0 fnt\n|faint|p2a: Stakataka\n|\n|-heal|p1a: Ursaluna|41/100|[from] item: Leftovers\n|upkeep\n|\n|t:|1790279617\n|switch|p2a: Kingambit|Kingambit|100/100\n|-activate|p2a: Kingambit|ability: Supreme Overlord\n|-start|p2a: Kingambit|fallen4|[silent]\n|turn|11\n|\n|t:|1790279620\n|-terastallize|p2a: Kingambit|Dark\n|move|p2a: Kingambit|Knock Off|p1a: Ursaluna\n|-damage|p1a: Ursaluna|0 fnt\n|-enditem|p1a: Ursaluna|Leftovers|[from] move: Knock Off|[of] p2a: Kingambit\n|faint|p1a: Ursaluna\n|\n|upkeep\n|\n|t:|1790279620\n|switch|p1a: Kingambit|Kingambit|100/100\n|-activate|p1a: Kingambit|ability: Supreme Overlord\n|-start|p1a: Kingambit|fallen3|[silent]\n|-item|p1a: Kingambit|Air Balloon\n|turn|12\n|\n|t:|1790279623\n|move|p2a: Kingambit|Swords Dance|p2a: Kingambit\n|-boost|p2a: Kingambit|atk|2\n|move|p1a: Kingambit|Iron Head|p2a: Kingambit\n|-damage|p2a: Kingambit|53/100\n|\n|-heal|p2a: Kingambit|60/100|[from] item: Leftovers\n|-fieldend|move: Trick Room\n|upkeep\n|turn|13\n|\n|t:|1790279625\n|move|p2a: Kingambit|Swords Dance|p2a: Kingambit\n|-boost|p2a: Kingambit|atk|2\n|move|p1a: Kingambit|Iron Head|p2a: Kingambit\n|-damage|p2a: Kingambit|12/100\n|\n|-heal|p2a: Kingambit|18/100|[from] item: Leftovers\n|upkeep\n|turn|14\n|\n|t:|1790279628\n|move|p2a: Kingambit|Sucker Punch|p1a: Kingambit\n|-resisted|p1a: Kingambit\n|-damage|p1a: Kingambit|20/100\n|-enditem|p1a: Kingambit|Air Balloon\n|move|p1a: Kingambit|Iron Head|p2a: Kingambit\n|-damage|p2a: Kingambit|0 fnt\n|faint|p2a: Kingambit\n|-end|p2a: Kingambit|fallen4|[silent]\n|\n|upkeep\n|\n|t:|1790279630\n|switch|p2a: Banette|Banette-Mega-Halloween, F, shiny|26/100\n|-ability|p2a: Banette|Witching Hour\n|-message|The Witching Hour has struck! Banette's tricks can't be stopped, not even by Dark types!\n|turn|15\n|\n|t:|1790279631\n|move|p2a: Banette|Shadow Sneak|p1a: Kingambit\n|-resisted|p1a: Kingambit\n|-damage|p1a: Kingambit|6/100\n|move|p1a: Kingambit|Sucker Punch||[still]\n|-fail|p1a: Kingambit\n|\n|upkeep\n|turn|16\n|\n|t:|1790279633\n|move|p2a: Banette|Shadow Sneak|p1a: Kingambit\n|-resisted|p1a: Kingambit\n|-damage|p1a: Kingambit|0 fnt\n|faint|p1a: Kingambit\n|-end|p1a: Kingambit|fallen3|[silent]\n|\n|upkeep\n|\n|t:|1790279633\n|switch|p1a: Regieleki|Regieleki|100/100\n|turn|17\n|\n|t:|1790279635\n|move|p2a: Banette|Shadow Sneak|p1a: Regieleki\n|-damage|p1a: Regieleki|17/100\n|move|p1a: Regieleki|Thunderbolt|p2a: Banette\n|-crit|p2a: Banette\n|-damage|p2a: Banette|0 fnt\n|faint|p2a: Banette\n|detailschange|p2: Banette|Banette, F, shiny|[silent]\n|\n|win|Bunny Stockfish\n",
	"inputlog": ">start {\"formatid\":\"gen9rpou\",\"seed\":\"sodium,36609100c86d7572b725ec19c293eb31\",\"rated\":\"Rated battle\"}\n>player p1 {\"name\":\"Bunny Stockfish\",\"avatar\":\"bunny.png\",\"team\":\"Kingambit||AirBalloon|SupremeOverlord|CarrionFeast,SuckerPunch,KowtowCleave,IronHead|Adamant|252,252,,,4,|N||||,,,,,Dark]Pawmot||LeppaBerry|IronFist|RevivalBlessing,Encore,CloseCombat,Nuzzle|Jolly|24,252,,,,232|N||||,,,,,Ghost]Tinkaton||AirBalloon|MoldBreaker|StealthRock,GigatonHammer,CragHammer,KnockOff|Jolly|252,,,,24,232|N||||,,,,,Water]Great Tusk||HeavyDutyBoots|Protosynthesis|HeadlongRush,IceSpinner,RapidSpin,KnockOff|Jolly|252,4,,,,252|N||||,,,,,Steel]Regieleki||HeavyDutyBoots|Transistor|HyperBeam,ExtremeSpeed,Thunder,Thunderbolt|Timid|,,4,252,,252|N||||,,,,,Electric]Ursaluna|UrsalunaBloodmoon|Leftovers|MindsEye|BloodMoon,HiddenPower,EarthPower,CalmMind|Modest|252,,,252,4,|N||||,Dark,,,,Ghost\",\"rating\":1338}\n>player p2 {\"name\":\"SlimeQueenSamantha\",\"avatar\":\"queen.png\",\"team\":\"Banette||BanettiteHalloween|Frisk|Poltergeist,ShadowSneak,DestinyBond,twilightexit|Adamant|4,252,,,,252|F||S||,,,,,Ghost]Ursaluna|UrsalunaBloodmoon|Leftovers|MindsEye|CalmMind,BloodMoon,HyperVoice,EarthPower|Modest|252,,4,252,,|M||||,,,,,Normal]Magearna||Leftovers|SoulHeart|TrickRoom,VoltSwitch,FleurCannon,FlashCannon|Quiet|252,,,252,4,|N|,0,,,,|||,,,,,Steel]Hatterene||FocusSash|MagicBounce|TrickRoom,PsychicNoise,DazzlingGleam,HealingWish|Quiet|252,,4,252,,|F|,0,,,,0|||,,,,,Water]Kingambit||Leftovers|SupremeOverlord|KnockOff,SuckerPunch,IronHead,SwordsDance|Adamant|252,252,,,4,|N||||,,,,,Dark]Stakataka||LifeOrb|BeastBoost|TrickRoom,GyroBall,StoneEdge,Earthquake|Lonely|252,252,,,4,|N|,,15,,,0|||,,,,,Rock\",\"rating\":1462}\n>chat ☆Bunny Stockfish|Good luck! Playing on **stockfish**.\n>p1 team 3, 5, 2, 4, 6, 1\n>p2 team 1, 2, 3, 4, 5, 6\n>p1 move gigatonhammer\n>p2 move poltergeist mega\n>p1 switch 4\n>p1 move headlongrush dynamax\n>p2 move twilightexit\n>p2 switch 2\n>p1 move icespinner dynamax\n>p2 move bloodmoon\n>p1 move headlongrush dynamax\n>p2 move earthpower\n>p2 switch 2\n>p1 move headlongrush\n>p2 move witchssnatch\n>p1 switch 5\n>p1 move bloodmoon\n>p2 move twilightexit\n>p2 switch 4\n>p1 move earthpower\n>p2 move trickroom\n>p2 switch 3\n>p1 move earthpower\n>p2 move trickroom\n>p1 move earthpower\n>p2 move fleurcannon\n>p2 switch 6\n>p1 move earthpower\n>p2 move gyroball dynamax\n>p2 switch 5\n>p1 move earthpower\n>p2 move knockoff terastallize\n>p1 switch 6\n>p1 move ironhead\n>p2 move swordsdance\n>p1 move ironhead\n>p2 move swordsdance\n>p1 move ironhead\n>p2 move suckerpunch\n>p2 switch 4\n>p1 move suckerpunch\n>p2 move shadowsneak\n>p1 move carrionfeast\n>p2 move shadowsneak\n>p1 switch 2\n>p1 move thunderbolt\n>p2 move shadowsneak",
	"uploadtime": 1790279635
}