{
	"id": "gen9rpou-4-tlj90j",
	"format": "[Gen 9] RP OU",
	"players": [
		"Bunny Stockfish",
		"TheRealWhimsicott"
	],
	"rating": null,
	"log": "|j|☆Bunny Stockfish\n|j|☆TheRealWhimsicott\n|t:|1789761376\n|gametype|singles\n|badge|p1|bronze|gen9rpou|3-3\n|badge|p2|silver|gen9rpou|2-2\n|player|p1|Bunny Stockfish|bunny.png|1351\n|player|p2|TheRealWhimsicott|266|1377\n|gen|9\n|tier|[Gen 9] RP OU\n|rated|\n|rule|HP Percentage Mod: HP is shown in percentages\n|rule|Endless Battle Clause: Forcing endless battles is banned\n|rule|Species Clause: Limit one of each Pokémon\n|rule|OHKO Clause: OHKO moves are banned\n|rule|Evasion Clause: Evasion abilities, items, and moves are banned\n|rule|Evasion Abilities Clause: Evasion abilities are banned\n|rule|Evasion Items Clause: Evasion items are banned\n|rule|Evasion Moves Clause: Evasion moves are banned\n|rule|Sleep Clause Mod: Limit one foe put to sleep\n|clearpoke\n|poke|p1|Glimmora|\n|poke|p1|Togekiss|\n|poke|p1|Roserade|\n|poke|p1|Spiritomb|\n|poke|p1|Clefable|\n|poke|p1|Iron Moth|\n|poke|p2|Kingambit|\n|poke|p2|Haxorus|\n|poke|p2|Pawmot|\n|poke|p2|Glaceon|\n|poke|p2|Raichu|\n|poke|p2|Corviknight|\n|teampreview\n|c|☆Bunny Stockfish|Good luck! Playing on **stockfish**.\n|\n|t:|1789761390\n|teamsize|p1|6\n|teamsize|p2|6\n|start\n|switch|p1a: Iron Moth|Iron Moth|100/100\n|switch|p2a: Raichu|Raichu|100/100\n|turn|1\n|\n|t:|1789761397\n|detailschange|p2a: Raichu|Raichu-Mega-X\n|-mega|p2a: Raichu|Raichu|Raichunite X\n|-fieldstart|move: Electric Terrain|[from] ability: Electric Surge|[of] p2a: Raichu\n|-activate|p1a: Iron Moth|ability: Quark Drive\n|-start|p1a: Iron Moth|quarkdrivespa\n|-terastallize|p1a: Iron Moth|Fire\n|move|p2a: Raichu|Voltaic Lance|p1a: Iron Moth\n|-damage|p1a: Iron Moth|0 fnt\n|faint|p1a: Iron Moth\n|-end|p1a: Iron Moth|Quark Drive|[silent]\n|\n|upkeep\n|\n|t:|1789761400\n|switch|p1a: Glimmora|Glimmora|100/100\n|turn|2\n|\n|t:|1789761406\n|move|p2a: Raichu|Voltaic Lance|p1a: Glimmora\n|-damage|p1a: Glimmora|49/100\n|-enditem|p1a: Glimmora|Red Card|[of] p2a: Raichu\n|drag|p2a: Haxorus|Haxorus|100/100\n|-ability|p2a: Haxorus|Mold Breaker\n|move|p1a: Glimmora|Earth Power|p2a: Haxorus\n|-damage|p2a: Haxorus|59/100\n|\n|upkeep\n|turn|3\n|\n|t:|1789761413\n|switch|p1a: Togekiss|Togekiss|100/100\n|move|p2a: Haxorus|Scale Shot|p1a: Togekiss\n|-immune|p1a: Togekiss\n|\n|upkeep\n|turn|4\n|\n|t:|1789761418\n|switch|p2a: Corviknight|Corviknight|100/100\n|-ability|p2a: Corviknight|Pressure\n|-start|p1a: Togekiss|Dynamax|\n|-heal|p1a: Togekiss|100/100|[silent]\n|move|p1a: Togekiss|Max Airstream|p2a: Corviknight\n|-resisted|p2a: Corviknight\n|-damage|p2a: Corviknight|66/100\n|-boost|p1a: Togekiss|spe|1\n|\n|-heal|p2a: Corviknight|72/100|[from] item: Leftovers\n|upkeep\n|turn|5\n|\n|t:|1789761420\n|move|p2a: Corviknight|Protect|p2a: Corviknight\n|-singleturn|p2a: Corviknight|Protect\n|move|p1a: Togekiss|Max Knuckle|p2a: Corviknight\n|-zbroken|p2a: Corviknight\n|-damage|p2a: Corviknight|64/100\n|-boost|p1a: Togekiss|atk|1\n|\n|-heal|p2a: Corviknight|71/100|[from] item: Leftovers\n|-fieldend|move: Electric Terrain\n|upkeep\n|turn|6\n|\n|t:|1789761422\n|move|p1a: Togekiss|Max Knuckle|p2a: Corviknight\n|-damage|p2a: Corviknight|36/100\n|-boost|p1a: Togekiss|atk|1\n|move|p2a: Corviknight|Roost|p2a: Corviknight\n|-heal|p2a: Corviknight|86/100\n|-singleturn|p2a: Corviknight|move: Roost\n|\n|-heal|p2a: Corviknight|93/100|[from] item: Leftovers\n|upkeep\n|-end|p1a: Togekiss|Dynamax\n|-heal|p1a: Togekiss|100/100|[silent]\n|turn|7\n|\n|t:|1789761424\n|move|p1a: Togekiss|Nasty Plot|p1a: Togekiss\n|-boost|p1a: Togekiss|spa|2\n|move|p2a: Corviknight|Iron Head|p1a: Togekiss\n|-supereffective|p1a: Togekiss\n|-damage|p1a: Togekiss|57/100\n|\n|-heal|p2a: Corviknight|99/100|[from] item: Leftovers\n|upkeep\n|turn|8\n|\n|t:|1789761426\n|switch|p1a: Spiritomb|Spiritomb|100/100\n|move|p2a: Corviknight|Iron Head|p1a: Spiritomb\n|-crit|p1a: Spiritomb\n|-damage|p1a: Spiritomb|74/100\n|\n|-heal|p2a: Corviknight|100/100|[from] item: Leftovers\n|-heal|p1a: Spiritomb|80/100|[from] item: Leftovers\n|upkeep\n|turn|9\n|\n|t:|1789761428\n|move|p2a: Corviknight|U-turn|p1a: Spiritomb\n|-damage|p1a: Spiritomb|69/100\n|\n|t:|1789761431\n|switch|p2a: Raichu|Raichu-Mega-X|100/100|[from] U-turn\n|-fieldstart|move: Electric Terrain|[from] ability: Electric Surge|[of] p2a: Raichu\n|move|p1a: Spiritomb|Will-O-Wisp|p2a: Raichu\n|-status|p2a: Raichu|brn\n|\n|-heal|p1a: Spiritomb|75/100|[from] item: Leftovers\n|-damage|p2a: Raichu|94/100 brn|[from] brn\n|upkeep\n|turn|10\n|\n|t:|1789761432\n|move|p2a: Raichu|Voltaic Lance|p1a: Spiritomb\n|-damage|p1a: Spiritomb|49/100\n|move|p1a: Spiritomb|Soul Toll|p2a: Raichu\n|-crit|p2a: Raichu\n|-damage|p2a: Raichu|0 fnt\n|faint|p2a: Raichu\n|detailschange|p2: Raichu|Raichu|[silent]\n|\n|-heal|p1a: Spiritomb|55/100|[from] item: Leftovers\n|upkeep\n|\n|t:|1789761442\n|switch|p2a: Glaceon|Glaceon|100/100\n|-weather|Snowscape|[from] ability: Diamond Dust|[of] p2a: Glaceon\n|turn|11\n|\n|t:|1789761443\n|move|p2a: Glaceon|Blizzard|p1a: Spiritomb\n|-damage|p1a: Spiritomb|3/100\n|move|p1a: Spiritomb|Soul Toll|p2a: Glaceon\n|-damage|p2a: Glaceon|62/100\n|\n|-weather|Snowscape|[upkeep]\n|-heal|p1a: Spiritomb|9/100|[from] item: Leftovers\n|upkeep\n|turn|12\n|\n|t:|1789761446\n|switch|p2a: Haxorus|Haxorus|59/100\n|-ability|p2a: Haxorus|Mold Breaker\n|move|p1a: Spiritomb|Soul Toll|p2a: Haxorus\n|-damage|p2a: Haxorus|11/100\n|\n|-weather|Snowscape|[upkeep]\n|-heal|p1a: Spiritomb|15/100|[from] item: Leftovers\n|upkeep\n|turn|13\n|\n|t:|1789761448\n|move|p2a: Haxorus|Scale Shot|p1a: Spiritomb\n|-damage|p1a: Spiritomb|4/100\n|-damage|p1a: Spiritomb|0 fnt\n|faint|p1a: Spiritomb\n|-hitcount|p1: Spiritomb|2\n|-unboost|p2a: Haxorus|def|1\n|-boost|p2a: Haxorus|spe|1\n|\n|-weather|Snowscape|[upkeep]\n|-fieldend|move: Electric Terrain\n|upkeep\n|\n|t:|1789761448\n|switch|p1a: Clefable|Clefable|100/100\n|turn|14\n|\n|t:|1789761450\n|move|p2a: Haxorus|Iron Head|p1a: Clefable\n|-supereffective|p1a: Clefable\n|-damage|p1a: Clefable|52/100\n|move|p1a: Clefable|Moonblast|p2a: Haxorus\n|-supereffective|p2a: Haxorus\n|-damage|p2a: Haxorus|0 fnt\n|faint|p2a: Haxorus\n|\n|-weather|Snowscape|[upkeep]\n|upkeep\n|\n|t:|1789761453\n|switch|p2a: Glaceon|Glaceon|62/100\n|turn|15\n|\n|t:|1789761455\n|move|p2a: Glaceon|Blizzard|p1a: Clefable\n|-damage|p1a: Clefable|0 fnt\n|faint|p1a: Clefable\n|\n|-weather|none\n|upkeep\n|\n|t:|1789761455\n|switch|p1a: Glimmora|Glimmora|49/100\n|turn|16\n|\n|t:|1789761460\n|switch|p2a: Corviknight|Corviknight|100/100\n|-ability|p2a: Corviknight|Pressure\n|move|p1a: Glimmora|Earth Power|p2a: Corviknight\n|-immune|p2a: Corviknight\n|\n|upkeep\n|turn|17\n|\n|t:|1789761463\n|move|p1a: Glimmora|Stealth Rock|p2a: Corviknight\n|-sidestart|p2: TheRealWhimsicott|move: Stealth Rock\n|move|p2a: Corviknight|Iron Head|p1a: Glimmora\n|-supereffective|p1a: Glimmora\n|-damage|p1a: Glimmora|10/100\n|\n|upkeep\n|turn|18\n|\n|t:|1789761466\n|move|p1a: Glimmora|Spikes|p2a: Corviknight\n|-sidestart|p2: TheRealWhimsicott|Spikes\n|move|p2a: Corviknight|Iron Head|p1a: Glimmora\n|-supereffective|p1a: Glimmora\n|-damage|p1a: Glimmora|0 fnt\n|faint|p1a: Glimmora\n|\n|upkeep\n|\n|t:|1789761466\n|switch|p1a: Roserade|Roserade|100/100\n|-ability|p1a: Roserade|Masquerade\n|-start|p2a: Corviknight|move: Taunt\n|turn|19\n|\n|t:|1789761473\n|move|p1a: Roserade|Thorned Bouquet|p2a: Corviknight\n|-resisted|p2a: Corviknight\n|-damage|p2a: Corviknight|90/100\n|move|p2a: Corviknight|U-turn|p1a: Roserade\n|-damage|p1a: Roserade|75/100\n|\n|t:|1789761476\n|switch|p2a: Glaceon|Glaceon|62/100|[from] U-turn\n|-damage|p2a: Glaceon|38/100|[from] Stealth Rock\n|-damage|p2a: Glaceon|26/100|[from] Spikes\n|-weather|Snowscape|[from] ability: Diamond Dust|[of] p2a: Glaceon\n|\n|-weather|Snowscape|[upkeep]\n|upkeep\n|turn|20\n|\n|t:|1789761477\n|move|p2a: Glaceon|Blizzard|p1a: Roserade\n|-supereffective|p1a: Roserade\n|-damage|p1a: Roserade|0 fnt\n|faint|p1a: Roserade\n|\n|-weather|Snowscape|[upkeep]\n|upkeep\n|\n|t:|1789761477\n|switch|p1a: Togekiss|Togekiss|57/100\n|turn|21\n|\n|t:|1789761479\n|move|p2a: Glaceon|Blizzard|p1a: Togekiss\n|-supereffective|p1a: Togekiss\n|-damage|p1a: Togekiss|0 fnt\n|faint|p1a: Togekiss\n|\n|win|TheRealWhimsicott\n",
	"inputlog": ">start {\"formatid\":\"gen9rpou\",\"seed\":\"sodium,bd237b913b4caeb07b88c40470cd9e83\",\"rated\":\"Rated battle\"}\n>player p1 {\"name\":\"Bunny Stockfish\",\"avatar\":\"bunny.png\",\"team\":\"Glimmora||RedCard|Corrosion|StealthRock,MortalSpin,EarthPower,Spikes|Bold|252,,252,,4,|N||||,,,,,Ghost]Togekiss||HeavyDutyBoots|SereneGrace|AirSlash,NastyPlot,Roost,AuraSphere|Modest|252,,,252,4,|N||||,,,,,Fairy]Roserade||FocusSash|Masquerade|ThornedBouquet,SludgeBomb,Synthesis,Spikes|Timid|,,,252,4,252|N||||,,,,,Grass]Spiritomb||Leftovers|KeystoneLegion|SoulToll,StrengthSap,WillOWisp,CarrionFeast|Calm|252,,4,,252,|N||||,,,,,Fairy]Clefable||HeavyDutyBoots|Unaware|CalmMind,Moonblast,Moonlight,ThunderWave|Bold|252,,252,,4,|N|,0,,,,|||,,,,,Water]Iron Moth||ChoiceSpecs|QuarkDrive|Overheat,FieryDance,SludgeWave,Psychic|Timid|,,4,252,,252|N|,0,,,,|||,,,,,Fire\",\"rating\":1351}\n>player p2 {\"name\":\"TheRealWhimsicott\",\"avatar\":\"266\",\"team\":\"Kingambit||BlackGlasses|SupremeOverlord|KnockOff,IronHead,SuckerPunch,SwordsDance|Adamant|252,252,,,4,|N||||,,,,,Dark]Haxorus||LoadedDice|MoldBreaker|HoneClaws,ScaleShot,Earthquake,IronHead|Jolly|4,252,,,,252|N||||,,,,,Steel]Pawmot||ChoiceBand|IronFist|RevivalBlessing,SparkScamper,CloseCombat,DoubleShock|Jolly|4,252,,,,252|N||||,,,,,Electric]Glaceon||ChoiceSpecs|DiamondDust|EarthPower,FreezeDry,FocusBlast,Blizzard|Modest|,,,252,4,252|N|,0,,,,|||,,,,,Ice]Raichu||RaichuniteX|Static|VoltSwitch,PlayRough,KnockOff,VoltaicLance|Jolly|4,252,,,,252|N||||,,,,,Electric]Corviknight||Leftovers|Pressure|Roost,Uturn,Protect,IronHead|Impish|252,,252,,4,|N||||,,,,,Flying\",\"rating\":1377}\n>chat ☆Bunny Stockfish|Good luck! Playing on **stockfish**.\n>p1 team 6, 3, 2, 1, 5, 4\n>p2 team 5, 2, 3, 4, 1, 6\n>p1 move overheat terastallize\n>p2 move voltaiclance mega\n>p1 switch 4\n>p1 move earthpower\n>p2 move voltaiclance\n>p1 switch 3\n>p2 move scaleshot\n>p1 move airslash dynamax\n>p2 switch 6\n>p1 move aurasphere dynamax\n>p2 move protect\n>p1 move aurasphere dynamax\n>p2 move roost\n>p1 move nastyplot\n>p2 move ironhead\n>p1 switch 6\n>p2 move ironhead\n>p1 move willowisp\n>p2 move uturn\n>p2 switch 2\n>p1 move soultoll\n>p2 move voltaiclance\n>p2 switch 4\n>p1 move soultoll\n>p2 move blizzard\n>p1 move soultoll\n>p2 switch 6\n>p1 move soultoll\n>p2 move scaleshot\n>p1 switch 5\n>p1 move moonblast\n>p2 move ironhead\n>p2 switch 6\n>p1 move moonblast\n>p2 move blizzard\n>p1 switch 3\n>p1 move earthpower\n>p2 switch 2\n>p1 move stealthrock\n>p2 move ironhead\n>p1 move spikes\n>p2 move ironhead\n>p1 switch 2\n>p1 move thornedbouquet\n>p2 move uturn\n>p2 switch 2\n>p1 move thornedbouquet\n>p2 move blizzard\n>p1 switch 6\n>p1 move aurasphere\n>p2 move blizzard",
	"uploadtime": 1789761479
}