{
	"id": "gen9rpou-13-tlj90j",
	"format": "[Gen 9] RP OU",
	"players": [
		"Bunny Stockfish",
		"TheRealWhimsicott"
	],
	"rating": null,
	"log": "|j|☆Bunny Stockfish\n|j|☆TheRealWhimsicott\n|t:|1789762439\n|gametype|singles\n|badge|p1|bronze|gen9rpou|3-3\n|badge|p2|silver|gen9rpou|2-2\n|player|p1|Bunny Stockfish|bunny.png|1332\n|player|p2|TheRealWhimsicott|266|1475\n|gen|9\n|tier|[Gen 9] RP OU\n|rated|\n|rule|HP Percentage Mod: HP is shown in percentages\n|rule|Endless Battle Clause: Forcing endless battles is banned\n|rule|Species Clause: Limit one of each Pokémon\n|rule|OHKO Clause: OHKO moves are banned\n|rule|Evasion Clause: Evasion abilities, items, and moves are banned\n|rule|Evasion Abilities Clause: Evasion abilities are banned\n|rule|Evasion Items Clause: Evasion items are banned\n|rule|Evasion Moves Clause: Evasion moves are banned\n|rule|Sleep Clause Mod: Limit one foe put to sleep\n|clearpoke\n|poke|p1|Kingambit|\n|poke|p1|Great Tusk|\n|poke|p1|Iron Moth|\n|poke|p1|Rillaboom|\n|poke|p1|Spiritomb|\n|poke|p1|Espeon|\n|poke|p2|Kingambit|\n|poke|p2|Haxorus|\n|poke|p2|Pawmot|\n|poke|p2|Glaceon|\n|poke|p2|Tinkaton, F|\n|poke|p2|Corviknight|\n|teampreview\n|c|☆Bunny Stockfish|Good luck! Playing on **stockfish**.\n|\n|t:|1789762446\n|teamsize|p1|6\n|teamsize|p2|6\n|start\n|switch|p1a: Great Tusk|Great Tusk|100/100\n|switch|p2a: Tinkaton|Tinkaton, F|100/100\n|-ability|p2a: Tinkaton|Mold Breaker\n|-item|p2a: Tinkaton|Air Balloon\n|turn|1\n|\n|t:|1789762447\n|move|p2a: Tinkaton|Stealth Rock|p1a: Great Tusk\n|-sidestart|p1: Bunny Stockfish|move: Stealth Rock\n|move|p1a: Great Tusk|Stealth Rock|p2a: Tinkaton\n|-sidestart|p2: TheRealWhimsicott|move: Stealth Rock\n|\n|upkeep\n|turn|2\n|\n|t:|1789762451\n|move|p2a: Tinkaton|Encore|p1a: Great Tusk\n|-start|p1a: Great Tusk|Encore\n|move|p1a: Great Tusk|Stealth Rock||[still]\n|-fail|p1a: Great Tusk\n|\n|upkeep\n|turn|3\n|\n|t:|1789762453\n|-end|p1a: Great Tusk|Protosynthesis|[silent]\n|switch|p1a: Kingambit|Kingambit|100/100\n|-damage|p1a: Kingambit|94/100|[from] Stealth Rock\n|-item|p1a: Kingambit|Air Balloon\n|move|p2a: Tinkaton|Gigaton Hammer|p1a: Kingambit\n|-resisted|p1a: Kingambit\n|-damage|p1a: Kingambit|71/100\n|-enditem|p1a: Kingambit|Air Balloon\n|\n|upkeep\n|turn|4\n|\n|t:|1789762457\n|-start|p1a: Kingambit|Dynamax|\n|-heal|p1a: Kingambit|71/100|[silent]\n|move|p2a: Tinkaton|Crag Hammer|p1a: Kingambit\n|-resisted|p1a: Kingambit\n|-damage|p1a: Kingambit|66/100\n|move|p1a: Kingambit|Max Steelspike|p2a: Tinkaton\n|-damage|p2a: Tinkaton|0 fnt\n|-boost|p1a: Kingambit|def|1\n|-enditem|p2a: Tinkaton|Air Balloon\n|faint|p2a: Tinkaton\n|\n|upkeep\n|\n|t:|1789762463\n|switch|p2a: Pawmot|Pawmot|100/100\n|-damage|p2a: Pawmot|94/100|[from] Stealth Rock\n|turn|5\n|\n|t:|1789762464\n|-end|p1a: Kingambit|Dynamax\n|-heal|p1a: Kingambit|66/100|[silent]\n|-end|p1a: Kingambit|fallenundefined|[silent]\n|switch|p1a: Great Tusk|Great Tusk|100/100\n|move|p2a: Pawmot|Close Combat|p1a: Great Tusk\n|-damage|p1a: Great Tusk|47/100\n|-unboost|p2a: Pawmot|def|1\n|-unboost|p2a: Pawmot|spd|1\n|\n|upkeep\n|turn|6\n|\n|t:|1789762468\n|move|p2a: Pawmot|Close Combat|p1a: Great Tusk\n|-damage|p1a: Great Tusk|0 fnt\n|-unboost|p2a: Pawmot|def|1\n|-unboost|p2a: Pawmot|spd|1\n|faint|p1a: Great Tusk\n|-end|p1a: Great Tusk|Protosynthesis|[silent]\n|\n|upkeep\n|\n|t:|1789762468\n|switch|p1a: Espeon|Espeon|100/100\n|turn|7\n|\n|t:|1789762471\n|switch|p2a: Kingambit|Kingambit|100/100\n|-damage|p2a: Kingambit|94/100|[from] Stealth Rock\n|-activate|p2a: Kingambit|ability: Supreme Overlord\n|-start|p2a: Kingambit|fallen1|[silent]\n|move|p1a: Espeon|Psychic|p2a: Kingambit\n|-immune|p2a: Kingambit\n|\n|upkeep\n|turn|8\n|\n|t:|1789762473\n|switch|p1a: Kingambit|Kingambit|66/100\n|-damage|p1a: Kingambit|60/100|[from] Stealth Rock\n|-activate|p1a: Kingambit|ability: Supreme Overlord\n|-start|p1a: Kingambit|fallen1|[silent]\n|move|p2a: Kingambit|Iron Head|p1a: Kingambit\n|-resisted|p1a: Kingambit\n|-damage|p1a: Kingambit|39/100\n|\n|upkeep\n|turn|9\n|\n|t:|1789762477\n|-end|p1a: Kingambit|fallen1|[silent]\n|switch|p1a: Spiritomb|Spiritomb|100/100\n|-damage|p1a: Spiritomb|88/100|[from] Stealth Rock\n|move|p2a: Kingambit|Knock Off|p1a: Spiritomb\n|-damage|p1a: Spiritomb|25/100\n|-enditem|p1a: Spiritomb|Leftovers|[from] move: Knock Off|[of] p2a: Kingambit\n|\n|upkeep\n|turn|10\n|\n|t:|1789762480\n|-end|p2a: Kingambit|fallen1|[silent]\n|switch|p2a: Haxorus|Haxorus|100/100\n|-damage|p2a: Haxorus|88/100|[from] Stealth Rock\n|-ability|p2a: Haxorus|Mold Breaker\n|move|p1a: Spiritomb|Soul Toll|p2a: Haxorus\n|-damage|p2a: Haxorus|43/100\n|\n|upkeep\n|turn|11\n|\n|t:|1789762484\n|-terastallize|p1a: Spiritomb|Fairy\n|move|p2a: Haxorus|Iron Head|p1a: Spiritomb\n|-supereffective|p1a: Spiritomb\n|-damage|p1a: Spiritomb|0 fnt\n|faint|p1a: Spiritomb\n|\n|upkeep\n|\n|t:|1789762484\n|switch|p1a: Espeon|Espeon|100/100\n|turn|12\n|\n|t:|1789762492\n|-terastallize|p2a: Haxorus|Steel\n|move|p1a: Espeon|Alluring Voice|p2a: Haxorus\n|-resisted|p2a: Haxorus\n|-damage|p2a: Haxorus|13/100\n|move|p2a: Haxorus|Scale Shot|p1a: Espeon\n|-damage|p1a: Espeon|71/100\n|-damage|p1a: Espeon|45/100\n|-damage|p1a: Espeon|17/100\n|-damage|p1a: Espeon|0 fnt\n|faint|p1a: Espeon\n|-hitcount|p1: Espeon|4\n|-unboost|p2a: Haxorus|def|1\n|-boost|p2a: Haxorus|spe|1\n|\n|upkeep\n|\n|t:|1789762492\n|switch|p1a: Iron Moth|Iron Moth|100/100\n|turn|13\n|\n|t:|1789762498\n|move|p2a: Haxorus|Earthquake|p1a: Iron Moth\n|-supereffective|p1a: Iron Moth\n|-damage|p1a: Iron Moth|0 fnt\n|faint|p1a: Iron Moth\n|-end|p1a: Iron Moth|Quark Drive|[silent]\n|\n|upkeep\n|\n|t:|1789762498\n|switch|p1a: Kingambit|Kingambit|39/100\n|-damage|p1a: Kingambit|32/100|[from] Stealth Rock\n|-activate|p1a: Kingambit|ability: Supreme Overlord\n|-start|p1a: Kingambit|fallen4|[silent]\n|turn|14\n|\n|t:|1789762500\n|move|p1a: Kingambit|Sucker Punch|p2a: Haxorus\n|-damage|p2a: Haxorus|0 fnt\n|faint|p2a: Haxorus\n|\n|upkeep\n|\n|t:|1789762503\n|switch|p2a: Pawmot|Pawmot|94/100\n|-damage|p2a: Pawmot|88/100|[from] Stealth Rock\n|turn|15\n|\n|t:|1789762505\n|move|p1a: Kingambit|Sucker Punch|p2a: Pawmot\n|-resisted|p2a: Pawmot\n|-damage|p2a: Pawmot|41/100\n|move|p2a: Pawmot|Close Combat|p1a: Kingambit\n|-supereffective|p1a: Kingambit\n|-damage|p1a: Kingambit|0 fnt\n|-unboost|p2a: Pawmot|def|1\n|-unboost|p2a: Pawmot|spd|1\n|faint|p1a: Kingambit\n|-end|p1a: Kingambit|fallen4|[silent]\n|\n|upkeep\n|\n|t:|1789762505\n|switch|p1a: Rillaboom|Rillaboom|100/100\n|-damage|p1a: Rillaboom|88/100|[from] Stealth Rock\n|-fieldstart|move: Grassy Terrain|[from] ability: Grassy Surge|[of] p1a: Rillaboom\n|turn|16\n|\n|t:|1789762507\n|move|p2a: Pawmot|Close Combat|p1a: Rillaboom\n|-damage|p1a: Rillaboom|8/100\n|-unboost|p2a: Pawmot|def|1\n|-unboost|p2a: Pawmot|spd|1\n|move|p1a: Rillaboom|Wood Hammer|p2a: Pawmot\n|-damage|p2a: Pawmot|0 fnt\n|faint|p2a: Pawmot\n|-damage|p1a: Rillaboom|0 fnt|[from] Recoil\n|faint|p1a: Rillaboom\n|\n|win|TheRealWhimsicott\n",
	"inputlog": ">start {\"formatid\":\"gen9rpou\",\"seed\":\"sodium,8c362648003aae347ad2dfca71ac7ca8\",\"rated\":\"Rated battle\"}\n>player p1 {\"name\":\"Bunny Stockfish\",\"avatar\":\"bunny.png\",\"team\":\"Kingambit||AirBalloon|SupremeOverlord|SwordsDance,SuckerPunch,CarrionFeast,IronHead|Adamant|,252,4,,,252|N||||,,,,,Fighting]Great Tusk||HeavyDutyBoots|Protosynthesis|HeadlongRush,IceSpinner,RapidSpin,StealthRock|Jolly|252,4,,,,252|N||||,,,,,Steel]Iron Moth||HeavyDutyBoots|QuarkDrive|FieryDance,MorningSun,SludgeWave,ToxicSpikes|Timid|,,4,252,,252|N|,0,,,,|||,,,,,Ghost]Rillaboom||AssaultVest|GrassySurge|GrassyGlide,KnockOff,Uturn,WoodHammer|Adamant|204,252,,,,52|N||||,,,G,,Grass]Spiritomb||Leftovers|KeystoneLegion|SoulToll,StrengthSap,WillOWisp,PartingShot|Calm|252,,4,,252,|N||||,,,,,Fairy]Espeon||LifeOrb|Prescience|Psychic,AlluringVoice,ShadowBall,CalmMind|Timid|,,,252,4,252|N||||,,,,,Fairy\",\"rating\":1332}\n>player p2 {\"name\":\"TheRealWhimsicott\",\"avatar\":\"266\",\"team\":\"Kingambit||BlackGlasses|SupremeOverlord|KnockOff,IronHead,SuckerPunch,SwordsDance|Adamant|252,252,,,4,|N||||,,,,,Dark]Haxorus||LoadedDice|MoldBreaker|HoneClaws,ScaleShot,Earthquake,IronHead|Jolly|4,252,,,,252|N||||,,,,,Steel]Pawmot||ChoiceBand|IronFist|RevivalBlessing,SparkScamper,CloseCombat,DoubleShock|Jolly|4,252,,,,252|N||||,,,,,Electric]Glaceon||ChoiceSpecs|DiamondDust|EarthPower,FreezeDry,FocusBlast,Blizzard|Modest|,,,252,4,252|N|,0,,,,|||,,,,,Ice]Tinkaton||AirBalloon|MoldBreaker|GigatonHammer,CragHammer,StealthRock,Encore|Jolly|,252,,,4,252|F||||,,,,,Fairy]Corviknight||Leftovers|Pressure|Roost,Uturn,Protect,IronHead|Impish|252,,252,,4,|N||||,,,,,Water\",\"rating\":1475}\n>chat ☆Bunny Stockfish|Good luck! Playing on **stockfish**.\n>p1 team 2, 3, 6, 4, 1, 5\n>p2 team 5, 2, 3, 4, 1, 6\n>p1 move stealthrock\n>p2 move stealthrock\n>p1 move icespinner\n>p2 move encore\n>p1 switch 5\n>p2 move gigatonhammer\n>p1 move ironhead dynamax\n>p2 move craghammer\n>p2 switch 3\n>p1 switch 5\n>p2 move closecombat\n>p1 move headlongrush\n>p2 move closecombat\n>p1 switch 3\n>p1 move psychic\n>p2 switch 5\n>p1 switch 5\n>p2 move ironhead\n>p1 switch 6\n>p2 move knockoff\n>p1 move soultoll\n>p2 switch 2\n>p1 move soultoll terastallize\n>p2 move ironhead\n>p1 switch 5\n>p1 move alluringvoice\n>p2 move scaleshot terastallize\n>p1 switch 2\n>p1 move fierydance\n>p2 move earthquake\n>p1 switch 6\n>p1 move suckerpunch\n>p2 move earthquake\n>p2 switch 5\n>p1 move suckerpunch\n>p2 move closecombat\n>p1 switch 4\n>p1 move woodhammer\n>p2 move closecombat",
	"uploadtime": 1789762507
}