{
	"id": "gen9rpou-3-tlj24k",
	"format": "[Gen 9] RP OU",
	"players": [
		"TheRealWhimsicott",
		"Velvet Bunny"
	],
	"rating": null,
	"log": "|j|☆TheRealWhimsicott\n|j|☆Velvet Bunny\n|t:|1789682510\n|gametype|singles\n|player|p1|TheRealWhimsicott|1|\n|player|p2|Velvet Bunny|bunny.png|\n|gen|9\n|tier|[Gen 9] RP OU\n|rule|HP Percentage Mod: HP is shown in percentages\n|rule|Endless Battle Clause: Forcing endless battles is banned\n|rule|Species Clause: Limit one of each Pokémon\n|rule|OHKO Clause: OHKO moves are banned\n|rule|Evasion Clause: Evasion abilities, items, and moves are banned\n|rule|Evasion Abilities Clause: Evasion abilities are banned\n|rule|Evasion Items Clause: Evasion items are banned\n|rule|Evasion Moves Clause: Evasion moves are banned\n|rule|Sleep Clause Mod: Limit one foe put to sleep\n|clearpoke\n|poke|p1|Kingambit|\n|poke|p1|Haxorus|\n|poke|p1|Torterra|\n|poke|p1|Glaceon|\n|poke|p1|Gyarados|\n|poke|p1|Garganacl|\n|poke|p2|Kyurem|\n|poke|p2|Kingambit|\n|poke|p2|Sinistcha-Masterpiece|\n|poke|p2|Spiritomb|\n|poke|p2|Corviknight|\n|poke|p2|Togekiss|\n|teampreview\n|c|☆Velvet Bunny|Good luck! Playing on **stockfish**. (PM me to change it.)\n|\n|t:|1789682522\n|teamsize|p1|6\n|teamsize|p2|6\n|start\n|switch|p1a: Gyarados|Gyarados|100/100\n|switch|p2a: Kyurem|Kyurem|100/100\n|-ability|p2a: Kyurem|Pressure\n|-ability|p1a: Gyarados|Intimidate|boost\n|-unboost|p2a: Kyurem|atk|1\n|turn|1\n|\n|t:|1789682535\n|switch|p1a: Kingambit|Kingambit|100/100\n|-start|p2a: Kyurem|Dynamax|\n|-heal|p2a: Kyurem|100/100|[silent]\n|move|p2a: Kyurem|Max Hailstorm|p1a: Kingambit\n|-resisted|p1a: Kingambit\n|-damage|p1a: Kingambit|66/100\n|-weather|Snowscape\n|\n|-weather|Snowscape|[upkeep]\n|upkeep\n|turn|2\n|\n|t:|1789682545\n|switch|p1a: Glaceon|Glaceon|100/100\n|move|p2a: Kyurem|Max Quake|p1a: Glaceon\n|-damage|p1a: Glaceon|37/100\n|-boost|p2a: Kyurem|spd|1\n|\n|-weather|Snowscape|[upkeep]\n|upkeep\n|turn|3\n|\n|t:|1789682552\n|move|p1a: Glaceon|Focus Blast|p2a: Kyurem\n|-supereffective|p2a: Kyurem\n|-damage|p2a: Kyurem|56/100\n|move|p2a: Kyurem|Max Wyrmwind|p1a: Glaceon\n|-crit|p1a: Glaceon\n|-damage|p1a: Glaceon|0 fnt\n|faint|p1a: Glaceon\n|\n|-weather|Snowscape|[upkeep]\n|upkeep\n|\n|t:|1789682565\n|switch|p1a: Garganacl|Garganacl|100/100\n|-end|p2a: Kyurem|Dynamax\n|-heal|p2a: Kyurem|56/100|[silent]\n|turn|4\n|\n|t:|1789682568\n|switch|p2a: Kingambit|Kingambit|100/100\n|-item|p2a: Kingambit|Air Balloon\n|move|p1a: Garganacl|Salt Cure|p2a: Kingambit\n|-resisted|p2a: Kingambit\n|-damage|p2a: Kingambit|96/100\n|-start|p2a: Kingambit|Salt Cure\n|-enditem|p2a: Kingambit|Air Balloon\n|\n|-weather|Snowscape|[upkeep]\n|-damage|p2a: Kingambit|71/100|[from] Salt Cure\n|upkeep\n|turn|5\n|\n|t:|1789682571\n|move|p2a: Kingambit|Swords Dance|p2a: Kingambit\n|-boost|p2a: Kingambit|atk|2\n|move|p1a: Garganacl|Body Press|p2a: Kingambit\n|-supereffective|p2a: Kingambit\n|-damage|p2a: Kingambit|0 fnt\n|faint|p2a: Kingambit\n|-end|p2a: Kingambit|fallenundefined|[silent]\n|\n|-weather|none\n|upkeep\n|\n|t:|1789682572\n|switch|p2a: Sinistcha|Sinistcha-Masterpiece|100/100\n|turn|6\n|\n|t:|1789682578\n|move|p2a: Sinistcha|Calm Mind|p2a: Sinistcha\n|-boost|p2a: Sinistcha|spa|1\n|-boost|p2a: Sinistcha|spd|1\n|move|p1a: Garganacl|Salt Cure|p2a: Sinistcha\n|-damage|p2a: Sinistcha|91/100\n|-start|p2a: Sinistcha|Salt Cure\n|\n|-damage|p2a: Sinistcha|78/100|[from] Salt Cure\n|upkeep\n|turn|7\n|\n|t:|1789682605\n|switch|p1a: Gyarados|Gyarados|100/100\n|-ability|p1a: Gyarados|Intimidate|boost\n|-unboost|p2a: Sinistcha|atk|1\n|move|p2a: Sinistcha|Matcha Gotcha|p1a: Gyarados\n|-damage|p1a: Gyarados|53/100\n|-heal|p2a: Sinistcha|100/100|[from] drain|[of] p1a: Gyarados\n|\n|-damage|p2a: Sinistcha|88/100|[from] Salt Cure\n|upkeep\n|turn|8\n|\n|t:|1789682611\n|switch|p2a: Corviknight|Corviknight|100/100\n|-ability|p2a: Corviknight|Pressure\n|detailschange|p1a: Gyarados|Gyarados-Mega\n|-mega|p1a: Gyarados|Gyarados|Gyaradosite\n|-ability|p1a: Gyarados|Mold Breaker\n|move|p1a: Gyarados|Crunch|p2a: Corviknight\n|-damage|p2a: Corviknight|67/100\n|\n|-heal|p2a: Corviknight|73/100|[from] item: Leftovers\n|upkeep\n|turn|9\n|\n|t:|1789682614\n|move|p1a: Gyarados|Dragon Dance|p1a: Gyarados\n|-boost|p1a: Gyarados|atk|1\n|-boost|p1a: Gyarados|spe|1\n|move|p2a: Corviknight|Brave Bird|p1a: Gyarados\n|-damage|p1a: Gyarados|20/100\n|-damage|p2a: Corviknight|64/100|[from] Recoil\n|\n|-heal|p2a: Corviknight|70/100|[from] item: Leftovers\n|upkeep\n|turn|10\n|\n|t:|1789682616\n|move|p1a: Gyarados|Waterfall|p2a: Corviknight\n|-damage|p2a: Corviknight|27/100\n|cant|p2a: Corviknight|flinch\n|\n|-heal|p2a: Corviknight|33/100|[from] item: Leftovers\n|upkeep\n|turn|11\n|\n|t:|1789682620\n|move|p1a: Gyarados|Waterfall|p2a: Corviknight\n|-damage|p2a: Corviknight|0 fnt\n|faint|p2a: Corviknight\n|\n|upkeep\n|\n|t:|1789682620\n|switch|p2a: Kyurem|Kyurem|56/100\n|-ability|p2a: Kyurem|Pressure\n|turn|12\n|\n|t:|1789682627\n|move|p1a: Gyarados|Crunch|p2a: Kyurem\n|-damage|p2a: Kyurem|0 fnt\n|faint|p2a: Kyurem\n|\n|upkeep\n|\n|t:|1789682627\n|switch|p2a: Togekiss|Togekiss|100/100\n|turn|13\n|\n|t:|1789682630\n|-terastallize|p2a: Togekiss|Fairy\n|move|p1a: Gyarados|Waterfall|p2a: Togekiss\n|-damage|p2a: Togekiss|21/100\n|move|p2a: Togekiss|Alluring Voice|p1a: Gyarados\n|-supereffective|p1a: Gyarados\n|-damage|p1a: Gyarados|0 fnt\n|faint|p1a: Gyarados\n|detailschange|p1: Gyarados|Gyarados|[silent]\n|\n|upkeep\n|\n|t:|1789682636\n|switch|p1a: Garganacl|Garganacl|100/100\n|turn|14\n|\n|t:|1789682637\n|switch|p2a: Spiritomb|Spiritomb|100/100\n|move|p1a: Garganacl|Salt Cure|p2a: Spiritomb\n|-damage|p2a: Spiritomb|90/100\n|-start|p2a: Spiritomb|Salt Cure\n|\n|-heal|p2a: Spiritomb|96/100|[from] item: Leftovers\n|-damage|p2a: Spiritomb|84/100|[from] Salt Cure\n|upkeep\n|turn|15\n|\n|t:|1789682642\n|switch|p1a: Torterra|Torterra|100/100\n|move|p2a: Spiritomb|Carrion Feast|p1a: Torterra\n|-damage|p1a: Torterra|82/100\n|-heal|p2a: Spiritomb|94/100|[from] drain|[of] p1a: Torterra\n|\n|-heal|p1a: Torterra|88/100|[from] item: Leftovers\n|-heal|p2a: Spiritomb|99/100|[from] item: Leftovers\n|-damage|p2a: Spiritomb|87/100|[from] Salt Cure\n|upkeep\n|turn|16\n|\n|t:|1789682645\n|move|p1a: Torterra|Tectonic Shell|p1a: Torterra\n|-heal|p1a: Torterra|100/100\n|-sidestart|p2: Velvet Bunny|move: Stealth Rock\n|move|p2a: Spiritomb|Soul Toll|p1a: Torterra\n|-damage|p1a: Torterra|70/100\n|\n|-heal|p1a: Torterra|76/100|[from] item: Leftovers\n|-heal|p2a: Spiritomb|94/100|[from] item: Leftovers\n|-damage|p2a: Spiritomb|81/100|[from] Salt Cure\n|upkeep\n|turn|17\n|\n|t:|1789682648\n|move|p1a: Torterra|Elder Timber|p2a: Spiritomb\n|-damage|p2a: Spiritomb|18/100\n|move|p2a: Spiritomb|Soul Toll|p1a: Torterra\n|-damage|p1a: Torterra|47/100\n|\n|-heal|p1a: Torterra|53/100|[from] item: Leftovers\n|-heal|p2a: Spiritomb|24/100|[from] item: Leftovers\n|-damage|p2a: Spiritomb|12/100|[from] Salt Cure\n|upkeep\n|turn|18\n|\n|t:|1789682652\n|switch|p2a: Sinistcha|Sinistcha-Masterpiece|88/100\n|move|p1a: Torterra|Elder Timber|p2a: Sinistcha\n|-resisted|p2a: Sinistcha\n|-damage|p2a: Sinistcha|59/100\n|\n|-heal|p1a: Torterra|59/100|[from] item: Leftovers\n|upkeep\n|turn|19\n|\n|t:|1789682657\n|switch|p1a: Garganacl|Garganacl|100/100\n|move|p2a: Sinistcha|Matcha Gotcha|p1a: Garganacl\n|-supereffective|p1a: Garganacl\n|-damage|p1a: Garganacl|46/100\n|-heal|p2a: Sinistcha|91/100|[from] drain|[of] p1a: Garganacl\n|\n|-heal|p1a: Garganacl|52/100|[from] item: Leftovers\n|upkeep\n|turn|20\n|\n|t:|1789682660\n|move|p2a: Sinistcha|Matcha Gotcha|p1a: Garganacl\n|-supereffective|p1a: Garganacl\n|-crit|p1a: Garganacl\n|-damage|p1a: Garganacl|0 fnt\n|-heal|p2a: Sinistcha|100/100|[from] drain|[of] p1a: Garganacl\n|faint|p1a: Garganacl\n|\n|upkeep\n|\n|t:|1789682662\n|switch|p1a: Kingambit|Kingambit|66/100\n|turn|21\n|\n|t:|1789682667\n|-terastallize|p1a: Kingambit|Dark\n|move|p2a: Sinistcha|Matcha Gotcha|p1a: Kingambit\n|-damage|p1a: Kingambit|32/100\n|move|p1a: Kingambit|Pursuit|p2a: Sinistcha\n|-supereffective|p2a: Sinistcha\n|-damage|p2a: Sinistcha|39/100\n|\n|upkeep\n|turn|22\n|\n|t:|1789682671\n|move|p1a: Kingambit|Sucker Punch|p2a: Sinistcha\n|-supereffective|p2a: Sinistcha\n|-damage|p2a: Sinistcha|0 fnt\n|faint|p2a: Sinistcha\n|\n|upkeep\n|\n|t:|1789682671\n|switch|p2a: Togekiss|Togekiss, tera:Fairy|21/100\n|turn|23\n|\n|t:|1789682673\n|move|p1a: Kingambit|Sucker Punch|p2a: Togekiss\n|-resisted|p2a: Togekiss\n|-damage|p2a: Togekiss|0 fnt\n|faint|p2a: Togekiss\n|\n|upkeep\n|\n|t:|1789682673\n|switch|p2a: Spiritomb|Spiritomb|12/100\n|-damage|p2a: Spiritomb|0 fnt|[from] Stealth Rock\n|faint|p2a: Spiritomb\n|\n|win|TheRealWhimsicott\n",
	"inputlog": ">start {\"formatid\":\"gen9rpou\",\"seed\":\"sodium,20688358fca64bde80f8d88f14a0fb7b\"}\n>player p1 {\"name\":\"TheRealWhimsicott\",\"avatar\":\"1\",\"team\":\"Kingambit||BlackGlasses|Defiant|KnockOff,Pursuit,SuckerPunch,SwordsDance|Adamant|252,252,,,4,|N||||,,,,,Dark]Haxorus||Leftovers|MoldBreaker|HoneClaws,ScaleShot,Earthquake,IronHead|Jolly|4,252,,,,252|N||||,,,,,Dragon]Torterra||Leftovers|WorldTurtle|TectonicShell,HeadlongRush,RapidSpin,ElderTimber|Adamant|252,252,,,4,|N||||,,,,,Grass]Glaceon||ChoiceSpecs|DiamondDust|EarthPower,Recover,FocusBlast,Blizzard|Modest|,,,252,4,252|N|,0,,,,|||,,,,,Ice]Gyarados||Gyaradosite|Intimidate|DragonDance,Earthquake,Waterfall,Crunch|Adamant|4,252,,,,252|N||||,,,,,Water]Garganacl||Leftovers|PurifyingSalt|Curse,SaltCure,BodyPress,Recover|Impish|252,4,252,,,|N||||,,,,,Rock\",\"rating\":0}\n>player p2 {\"name\":\"Velvet Bunny\",\"avatar\":\"bunny.png\",\"team\":\"Kyurem||ChoiceSpecs|Pressure|IceBeam,FreezeDry,EarthPower,DracoMeteor|Modest|,,,252,4,252|N||||,,,,,Ground]Kingambit||AirBalloon|SupremeOverlord|SwordsDance,SuckerPunch,LowKick,IronHead|Adamant|252,252,,,4,|N||||,,,,,Fire]Sinistcha|SinistchaMasterpiece|HeavyDutyBoots|Heatproof|CalmMind,MatchaGotcha,ShadowBall,StrengthSap|Bold|252,,252,,4,|N||||,,,,,Fairy]Spiritomb||Leftovers|KeystoneLegion|SoulToll,StrengthSap,WillOWisp,CarrionFeast|Calm|252,,4,,252,|N||||,,,,,Fairy]Corviknight||Leftovers|Pressure|BraveBird,Defog,Uturn,Roost|Impish|248,,252,,8,|N||||,,,,,Water]Togekiss||HeavyDutyBoots|SereneGrace|AirSlash,NastyPlot,AlluringVoice,AuraSphere|Modest|252,,,252,4,|N||||,,,,,Fairy\",\"rating\":0}\n>chat ☆Velvet Bunny|Good luck! Playing on **stockfish**. (PM me to change it.)\n>p1 team 5, 2, 3, 4, 1, 6\n>p2 team 1, 6, 3, 5, 2, 4\n>p1 switch 5\n>p2 move freezedry dynamax\n>p1 switch 4\n>p2 move earthpower dynamax\n>p1 move focusblast\n>p2 move dracometeor dynamax\n>p1 switch 6\n>p1 move saltcure\n>p2 switch 5\n>p1 move bodypress\n>p2 move swordsdance\n>p2 switch 3\n>p1 move saltcure\n>p2 move calmmind\n>p1 switch 5\n>p2 move matchagotcha\n>p1 move crunch mega\n>p2 switch 4\n>p1 move dragondance\n>p2 move bravebird\n>p1 move waterfall\n>p2 move bravebird\n>p1 move waterfall\n>p2 move bravebird\n>p2 switch 5\n>p1 move crunch\n>p2 move freezedry\n>p2 switch 2\n>p1 move waterfall\n>p2 move alluringvoice terastallize\n>p1 switch 5\n>p1 move saltcure\n>p2 switch 6\n>p1 switch 3\n>p2 move carrionfeast\n>p1 move tectonicshell\n>p2 move soultoll\n>p1 move eldertimber\n>p2 move soultoll\n>p1 move eldertimber\n>p2 switch 4\n>p1 switch 3\n>p2 move matchagotcha\n>p1 move recover\n>p2 move matchagotcha\n>p1 switch 4\n>p1 move pursuit terastallize\n>p2 move matchagotcha\n>p1 move suckerpunch\n>p2 move matchagotcha\n>p2 switch 6\n>p1 move suckerpunch\n>p2 move alluringvoice\n>p2 switch 4",
	"uploadtime": 1789682673
}