{
	"id": "gen9rpou-4-tlvuiv",
	"format": "[Gen 9] RP OU",
	"players": [
		"Bunny Stockfish",
		"SlimeQueenSamantha"
	],
	"rating": null,
	"log": "|j|☆Bunny Stockfish\n|j|☆SlimeQueenSamantha\n|t:|1790278527\n|gametype|singles\n|badge|p1|bronze|gen9rpou|3-3\n|badge|p2|silver|gen9rpou|2-2\n|player|p1|Bunny Stockfish|bunny.png|1351\n|player|p2|SlimeQueenSamantha|queen.png|1446\n|gen|9\n|tier|[Gen 9] RP OU\n|rated|\n|rule|HP Percentage Mod: HP is shown in percentages\n|rule|Endless Battle Clause: Forcing endless battles is banned\n|rule|Species Clause: Limit one of each Pokémon\n|rule|OHKO Clause: OHKO moves are banned\n|rule|Evasion Clause: Evasion abilities, items, and moves are banned\n|rule|Evasion Abilities Clause: Evasion abilities are banned\n|rule|Evasion Items Clause: Evasion items are banned\n|rule|Evasion Moves Clause: Evasion moves are banned\n|rule|Sleep Clause Mod: Limit one foe put to sleep\n|clearpoke\n|poke|p1|Moltres|\n|poke|p1|Corviknight|\n|poke|p1|Gliscor|\n|poke|p1|Torterra|\n|poke|p1|Cinderace|\n|poke|p1|Togekiss|\n|poke|p2|Banette, F|\n|poke|p2|Ursaluna-Bloodmoon, M|\n|poke|p2|Magearna|\n|poke|p2|Hatterene, F|\n|poke|p2|Kingambit|\n|poke|p2|Stakataka|\n|teampreview\n|c|☆Bunny Stockfish|Good luck! Playing on **stockfish**.\n|\n|t:|1790278532\n|teamsize|p1|6\n|teamsize|p2|6\n|start\n|switch|p1a: Cinderace|Cinderace|100/100\n|switch|p2a: Banette|Banette, F, shiny|100/100\n|-item|p1a: Cinderace|Heavy-Duty Boots|[from] ability: Frisk|[of] p2a: Banette\n|turn|1\n|\n|t:|1790278555\n|detailschange|p2a: Banette|Banette-Mega-Halloween, F, shiny\n|-mega|p2a: Banette|Banette|Banettite-Halloween\n|-ability|p2a: Banette|Witching Hour\n|-message|The Witching Hour has struck! Banette's tricks can't be stopped, not even by Dark types!\n|-message|Banette's Poltergeist became Witch's Snatch!\n|-terastallize|p1a: Cinderace|Fire\n|move|p2a: Banette|Twilight Exit|p2a: Banette\n|-fieldstart|move: Trick Room|[of] p2a: Banette\n|\n|t:|1790278563\n|switch|p2a: Ursaluna|Ursaluna-Bloodmoon, M|100/100|[from] Twilight Exit\n|move|p1a: Cinderace|Pyro Ball|p2a: Ursaluna\n|-damage|p2a: Ursaluna|58/100\n|-status|p2a: Ursaluna|brn\n|\n|-heal|p2a: Ursaluna|64/100 brn|[from] item: Leftovers\n|-damage|p2a: Ursaluna|58/100 brn|[from] brn\n|upkeep\n|turn|2\n|\n|t:|1790278569\n|switch|p1a: Torterra|Torterra|100/100\n|move|p2a: Ursaluna|Earth Power|p1a: Torterra\n|-resisted|p1a: Torterra\n|-damage|p1a: Torterra|71/100\n|\n|-heal|p2a: Ursaluna|64/100 brn|[from] item: Leftovers\n|-damage|p2a: Ursaluna|58/100 brn|[from] brn\n|upkeep\n|turn|3\n|\n|t:|1790278572\n|-start|p1a: Torterra|Dynamax|\n|-heal|p1a: Torterra|71/100|[silent]\n|move|p2a: Ursaluna|Blood Moon|p1a: Torterra\n|-damage|p1a: Torterra|21/100\n|move|p1a: Torterra|Max Overgrowth|p2a: Ursaluna\n|-supereffective|p2a: Ursaluna\n|-damage|p2a: Ursaluna|0 fnt\n|-fieldstart|move: Grassy Terrain\n|faint|p2a: Ursaluna\n|-damage|p1a: Torterra|16/100|[from] item: Life Orb\n|\n|-heal|p1a: Torterra|19/100|[from] Grassy Terrain\n|upkeep\n|\n|t:|1790278576\n|switch|p2a: Banette|Banette-Mega-Halloween, F, shiny|100/100\n|-ability|p2a: Banette|Witching Hour\n|-message|The Witching Hour has struck! Banette's tricks can't be stopped, not even by Dark types!\n|turn|4\n|\n|t:|1790278578\n|move|p1a: Torterra|Max Overgrowth|p2a: Banette\n|-damage|p2a: Banette|0 fnt\n|faint|p2a: Banette\n|detailschange|p2: Banette|Banette, F, shiny|[silent]\n|-damage|p1a: Torterra|14/100|[from] item: Life Orb\n|\n|-heal|p1a: Torterra|17/100|[from] Grassy Terrain\n|upkeep\n|\n|t:|1790278584\n|switch|p2a: Stakataka|Stakataka|100/100\n|turn|5\n|\n|t:|1790278586\n|move|p1a: Torterra|Max Quake|p2a: Stakataka\n|-supereffective|p2a: Stakataka\n|-damage|p2a: Stakataka|0 fnt\n|-boost|p1a: Torterra|spd|1\n|faint|p2a: Stakataka\n|-damage|p1a: Torterra|12/100|[from] item: Life Orb\n|\n|-heal|p1a: Torterra|15/100|[from] Grassy Terrain\n|-fieldend|move: Trick Room\n|upkeep\n|\n|t:|1790278589\n|switch|p2a: Hatterene|Hatterene, F|100/100\n|-end|p1a: Torterra|Dynamax\n|-heal|p1a: Torterra|15/100|[silent]\n|turn|6\n|\n|t:|1790278590\n|move|p1a: Torterra|Headlong Rush|p2a: Hatterene\n|-enditem|p2a: Hatterene|Focus Sash\n|-damage|p2a: Hatterene|1/100\n|-unboost|p1a: Torterra|def|1\n|-unboost|p1a: Torterra|spd|1\n|-damage|p1a: Torterra|5/100|[from] item: Life Orb\n|move|p2a: Hatterene|Trick Room|p2a: Hatterene\n|-fieldstart|move: Trick Room|[of] p2a: Hatterene\n|\n|-heal|p2a: Hatterene|7/100|[from] Grassy Terrain\n|-heal|p1a: Torterra|11/100|[from] Grassy Terrain\n|upkeep\n|turn|7\n|\n|t:|1790278594\n|move|p2a: Hatterene|Psychic Noise|p1a: Torterra\n|-damage|p1a: Torterra|0 fnt\n|faint|p1a: Torterra\n|\n|-heal|p2a: Hatterene|13/100|[from] Grassy Terrain\n|-fieldend|move: Grassy Terrain\n|upkeep\n|\n|t:|1790278594\n|switch|p1a: Cinderace|Cinderace, tera:Fire|100/100\n|turn|8\n|\n|t:|1790278597\n|move|p2a: Hatterene|Psychic Noise|p1a: Cinderace\n|-damage|p1a: Cinderace|47/100\n|-start|p1a: Cinderace|move: Heal Block\n|move|p1a: Cinderace|U-turn|p2a: Hatterene\n|-damage|p2a: Hatterene|0 fnt\n|faint|p2a: Hatterene\n|\n|t:|1790278597\n|switch|p1a: Togekiss|Togekiss|100/100|[from] U-turn\n|\n|upkeep\n|\n|t:|1790278601\n|switch|p2a: Magearna|Magearna|100/100\n|turn|9\n|\n|t:|1790278603\n|move|p2a: Magearna|Flash Cannon|p1a: Togekiss\n|-supereffective|p1a: Togekiss\n|-damage|p1a: Togekiss|30/100\n|move|p1a: Togekiss|Aura Sphere|p2a: Magearna\n|-damage|p2a: Magearna|79/100\n|\n|-heal|p2a: Magearna|85/100|[from] item: Leftovers\n|upkeep\n|turn|10\n|\n|t:|1790278605\n|move|p2a: Magearna|Flash Cannon|p1a: Togekiss\n|-supereffective|p1a: Togekiss\n|-damage|p1a: Togekiss|0 fnt\n|faint|p1a: Togekiss\n|-ability|p2a: Magearna|Soul-Heart|boost\n|-boost|p2a: Magearna|spa|1\n|\n|-heal|p2a: Magearna|91/100|[from] item: Leftovers\n|-fieldend|move: Trick Room\n|upkeep\n|\n|t:|1790278605\n|switch|p1a: Moltres|Moltres|100/100\n|turn|11\n|\n|t:|1790278607\n|move|p1a: Moltres|Flamethrower|p2a: Magearna\n|-supereffective|p2a: Magearna\n|-damage|p2a: Magearna|32/100\n|move|p2a: Magearna|Trick Room|p2a: Magearna\n|-fieldstart|move: Trick Room|[of] p2a: Magearna\n|\n|-heal|p2a: Magearna|38/100|[from] item: Leftovers\n|upkeep\n|turn|12\n|\n|t:|1790278611\n|move|p2a: Magearna|Volt Switch|p1a: Moltres\n|-supereffective|p1a: Moltres\n|-damage|p1a: Moltres|21/100\n|\n|t:|1790278614\n|switch|p2a: Kingambit|Kingambit|100/100|[from] Volt Switch\n|-activate|p2a: Kingambit|ability: Supreme Overlord\n|-start|p2a: Kingambit|fallen4|[silent]\n|move|p1a: Moltres|Flamethrower|p2a: Kingambit\n|-supereffective|p2a: Kingambit\n|-damage|p2a: Kingambit|33/100\n|\n|-heal|p2a: Kingambit|39/100|[from] item: Leftovers\n|upkeep\n|turn|13\n|\n|t:|1790278616\n|move|p2a: Kingambit|Sucker Punch|p1a: Moltres\n|-damage|p1a: Moltres|0 fnt\n|-status|p2a: Kingambit|brn|[from] ability: Flame Body|[of] p1a: Moltres\n|faint|p1a: Moltres\n|\n|-heal|p2a: Kingambit|46/100 brn|[from] item: Leftovers\n|-damage|p2a: Kingambit|39/100 brn|[from] brn\n|upkeep\n|\n|t:|1790278616\n|switch|p1a: Gliscor|Gliscor|100/100\n|turn|14\n|\n|t:|1790278619\n|move|p2a: Kingambit|Iron Head|p1a: Gliscor\n|-damage|p1a: Gliscor|73/100\n|move|p1a: Gliscor|Earthquake|p2a: Kingambit\n|-supereffective|p2a: Kingambit\n|-damage|p2a: Kingambit|0 fnt\n|faint|p2a: Kingambit\n|-end|p2a: Kingambit|fallen4|[silent]\n|\n|-status|p1a: Gliscor|tox|[from] item: Toxic Orb\n|upkeep\n|\n|t:|1790278622\n|switch|p2a: Magearna|Magearna|38/100\n|turn|15\n|\n|t:|1790278624\n|-start|p2a: Magearna|Dynamax|\n|-heal|p2a: Magearna|38/100|[silent]\n|move|p2a: Magearna|Max Starfall|p1a: Gliscor\n|-damage|p1a: Gliscor|0 fnt\n|-fieldstart|move: Misty Terrain\n|faint|p1a: Gliscor\n|-ability|p2a: Magearna|Soul-Heart|boost\n|-boost|p2a: Magearna|spa|1\n|\n|-heal|p2a: Magearna|41/100|[from] item: Leftovers\n|-fieldend|move: Trick Room\n|upkeep\n|\n|t:|1790278625\n|switch|p1a: Cinderace|Cinderace, tera:Fire|47/100\n|turn|16\n|\n|t:|1790278632\n|move|p2a: Magearna|Max Guard|p2a: Magearna\n|-singleturn|p2a: Magearna|Max Guard\n|move|p1a: Cinderace|Pyro Ball|p2a: Magearna\n|-activate|p2a: Magearna|move: Max Guard\n|\n|-heal|p2a: Magearna|44/100|[from] item: Leftovers\n|upkeep\n|turn|17\n|\n|t:|1790278634\n|move|p1a: Cinderace|Pyro Ball|p2a: Magearna\n|-supereffective|p2a: Magearna\n|-damage|p2a: Magearna|0 fnt\n|faint|p2a: Magearna\n|\n|win|Bunny Stockfish\n",
	"inputlog": ">start {\"formatid\":\"gen9rpou\",\"seed\":\"sodium,d2f7a9e515d6528ea7d1b4068f332b41\",\"rated\":\"Rated battle\"}\n>player p1 {\"name\":\"Bunny Stockfish\",\"avatar\":\"bunny.png\",\"team\":\"Moltres||HeavyDutyBoots|FlameBody|Flamethrower,Roost,WillOWisp,Roar|Bold|248,,248,,,12|N|,0,,,,|||,,,,,Grass]Corviknight||Leftovers|MirrorArmor|BodyPress,IronDefense,Uturn,Roost|Impish|248,,252,,8,|N||||,,,,,Water]Gliscor||ToxicOrb|PoisonHeal|StealthRock,KnockOff,Earthquake,HiveFrenzy|Careful|244,,36,,228,|N||||,,,,,Fairy]Torterra||LifeOrb|WorldTurtle|ElderTimber,HeadlongRush,ShellSmash,RockBlast|Adamant|,252,,,4,252|N||||,,,,,Grass]Cinderace||HeavyDutyBoots|Blaze|PyroBall,Uturn,CourtChange,WillOWisp|Jolly|224,32,,,,252|N||||,,,G,,Fire]Togekiss||HeavyDutyBoots|SereneGrace|AirSlash,NastyPlot,AlluringVoice,AuraSphere|Modest|252,,,252,4,|N|,0,,,,|||,,,,,Fairy\",\"rating\":1351}\n>player p2 {\"name\":\"SlimeQueenSamantha\",\"avatar\":\"queen.png\",\"team\":\"Banette||BanettiteHalloween|Frisk|Poltergeist,ShadowSneak,DestinyBond,twilightexit|Adamant|4,252,,,,252|F||S||,,,,,Ghost]Ursaluna|UrsalunaBloodmoon|Leftovers|MindsEye|CalmMind,BloodMoon,HyperVoice,EarthPower|Modest|252,,4,252,,|M||||,,,,,Normal]Magearna||Leftovers|SoulHeart|TrickRoom,VoltSwitch,FleurCannon,FlashCannon|Quiet|252,,,252,4,|N|,0,,,,|||,,,,,Steel]Hatterene||FocusSash|MagicBounce|TrickRoom,PsychicNoise,DazzlingGleam,HealingWish|Quiet|252,,4,252,,|F|,0,,,,0|||,,,,,Water]Kingambit||Leftovers|SupremeOverlord|KnockOff,SuckerPunch,IronHead,SwordsDance|Adamant|252,252,,,4,|N||||,,,,,Dark]Stakataka||LifeOrb|BeastBoost|TrickRoom,GyroBall,StoneEdge,Earthquake|Lonely|252,252,,,4,|N|,,15,,,0|||,,,,,Rock\",\"rating\":1446}\n>chat ☆Bunny Stockfish|Good luck! Playing on **stockfish**.\n>p1 team 5, 6, 3, 1, 4, 2\n>p2 team 1, 2, 3, 4, 5, 6\n>p1 move pyroball terastallize\n>p2 move twilightexit mega\n>p2 switch 2\n>p1 switch 5\n>p2 move earthpower\n>p1 move eldertimber dynamax\n>p2 move bloodmoon\n>p2 switch 2\n>p1 move eldertimber dynamax\n>p2 move witchssnatch\n>p2 switch 6\n>p1 move headlongrush dynamax\n>p2 move trickroom\n>p2 switch 4\n>p1 move headlongrush\n>p2 move trickroom\n>p1 move headlongrush\n>p2 move psychicnoise\n>p1 switch 5\n>p1 move uturn\n>p2 move psychicnoise\n>p1 switch 2\n>p2 switch 3\n>p1 move aurasphere\n>p2 move flashcannon\n>p1 move aurasphere\n>p2 move flashcannon\n>p1 switch 4\n>p1 move flamethrower\n>p2 move trickroom\n>p1 move flamethrower\n>p2 move voltswitch\n>p2 switch 5\n>p1 move flamethrower\n>p2 move suckerpunch\n>p1 switch 3\n>p1 move earthquake\n>p2 move ironhead\n>p2 switch 5\n>p1 move earthquake\n>p2 move fleurcannon dynamax\n>p1 switch 2\n>p1 move pyroball\n>p2 move trickroom dynamax\n>p1 move pyroball\n>p2 move flashcannon dynamax",
	"uploadtime": 1790278634
}