{
	"id": "gen9rpou-9-tlj24k",
	"format": "[Gen 9] RP OU",
	"players": [
		"Bunny Stockfish",
		"TheRealWhimsicott"
	],
	"rating": null,
	"log": "|j|☆Bunny Stockfish\n|j|☆TheRealWhimsicott\n|t:|1789683277\n|gametype|singles\n|badge|p1|silver|gen9rpou|2-2\n|player|p1|Bunny Stockfish|bunny.png|1387\n|player|p2|TheRealWhimsicott|1|1138\n|gen|9\n|tier|[Gen 9] RP OU\n|rated|\n|rule|HP Percentage Mod: HP is shown in percentages\n|rule|Endless Battle Clause: Forcing endless battles is banned\n|rule|Species Clause: Limit one of each Pokémon\n|rule|OHKO Clause: OHKO moves are banned\n|rule|Evasion Clause: Evasion abilities, items, and moves are banned\n|rule|Evasion Abilities Clause: Evasion abilities are banned\n|rule|Evasion Items Clause: Evasion items are banned\n|rule|Evasion Moves Clause: Evasion moves are banned\n|rule|Sleep Clause Mod: Limit one foe put to sleep\n|clearpoke\n|poke|p1|Spiritomb|\n|poke|p1|Cinderace|\n|poke|p1|Empoleon|\n|poke|p1|Roserade|\n|poke|p1|Togekiss|\n|poke|p1|Rotom-Wash|\n|poke|p2|Kingambit|\n|poke|p2|Haxorus|\n|poke|p2|Pawmot|\n|poke|p2|Glaceon|\n|poke|p2|Gyarados|\n|poke|p2|Garganacl|\n|teampreview\n|c|☆Bunny Stockfish|Good luck! Playing on **stockfish**.\n|\n|t:|1789683294\n|teamsize|p1|6\n|teamsize|p2|6\n|start\n|switch|p1a: Empoleon|Empoleon|100/100\n|switch|p2a: Pawmot|Pawmot|100/100\n|turn|1\n|\n|t:|1789683304\n|switch|p1a: Roserade|Roserade|100/100\n|-ability|p1a: Roserade|Masquerade\n|-start|p2a: Pawmot|move: Taunt\n|-terastallize|p2a: Pawmot|Electric\n|move|p2a: Pawmot|Double Shock|p1a: Roserade\n|-resisted|p1a: Roserade\n|-damage|p1a: Roserade|12/100\n|-start|p2a: Pawmot|typechange|Electric|[from] move: Double Shock\n|\n|upkeep\n|turn|2\n|\n|t:|1789683313\n|move|p2a: Pawmot|Double Shock|p1a: Roserade\n|-resisted|p1a: Roserade\n|-damage|p1a: Roserade|0 fnt\n|-start|p2a: Pawmot|typechange|Electric|[from] move: Double Shock\n|faint|p1a: Roserade\n|\n|upkeep\n|\n|t:|1789683314\n|switch|p1a: Rotom|Rotom-Wash|100/100\n|turn|3\n|\n|t:|1789683316\n|move|p2a: Pawmot|Double Shock|p1a: Rotom\n|-damage|p1a: Rotom|14/100\n|-start|p2a: Pawmot|typechange|Electric|[from] move: Double Shock\n|move|p1a: Rotom|Hydro Pump|p2a: Pawmot|[miss]\n|-miss|p1a: Rotom|p2a: Pawmot\n|\n|-heal|p1a: Rotom|20/100|[from] item: Leftovers\n|-end|p2a: Pawmot|move: Taunt\n|upkeep\n|turn|4\n|\n|t:|1789683321\n|move|p2a: Pawmot|Double Shock|p1a: Rotom\n|-damage|p1a: Rotom|0 fnt\n|-start|p2a: Pawmot|typechange|Electric|[from] move: Double Shock\n|faint|p1a: Rotom\n|\n|upkeep\n|\n|t:|1789683322\n|switch|p1a: Spiritomb|Spiritomb|100/100\n|turn|5\n|\n|t:|1789683326\n|move|p2a: Pawmot|Double Shock|p1a: Spiritomb\n|-damage|p1a: Spiritomb|15/100\n|-start|p2a: Pawmot|typechange|Electric|[from] move: Double Shock\n|move|p1a: Spiritomb|Soul Toll|p2a: Pawmot\n|-damage|p2a: Pawmot|49/100\n|\n|-heal|p1a: Spiritomb|21/100|[from] item: Leftovers\n|upkeep\n|turn|6\n|j|&SlimeQueenSamantha\n|\n|t:|1789683332\n|switch|p2a: Garganacl|Garganacl|100/100\n|switch|p1a: Cinderace|Cinderace|100/100\n|\n|upkeep\n|turn|7\n|\n|t:|1789683335\n|switch|p1a: Empoleon|Empoleon|100/100\n|move|p2a: Garganacl|Salt Cure|p1a: Empoleon\n|-resisted|p1a: Empoleon\n|-damage|p1a: Empoleon|94/100\n|-start|p1a: Empoleon|Salt Cure\n|\n|-heal|p1a: Empoleon|99/100|[from] item: Leftovers\n|-damage|p1a: Empoleon|75/100|[from] Salt Cure\n|upkeep\n|turn|8\n|\n|t:|1789683338\n|switch|p2a: Pawmot|Pawmot, tera:Electric|49/100\n|-start|p1a: Empoleon|Dynamax|\n|-heal|p1a: Empoleon|75/100|[silent]\n|move|p1a: Empoleon|Max Geyser|p2a: Pawmot\n|-damage|p2a: Pawmot|0 fnt\n|-weather|RainDance\n|faint|p2a: Pawmot\n|\n|-weather|RainDance|[upkeep]\n|-heal|p1a: Empoleon|78/100|[from] item: Leftovers\n|-damage|p1a: Empoleon|66/100|[from] Salt Cure\n|upkeep\n|\n|t:|1789683342\n|switch|p2a: Glaceon|Glaceon|100/100\n|-weather|Snowscape|[from] ability: Diamond Dust|[of] p2a: Glaceon\n|turn|9\n|\n|t:|1789683345\n|move|p2a: Glaceon|Earth Power|p1a: Empoleon\n|-supereffective|p1a: Empoleon\n|-damage|p1a: Empoleon|32/100\n|move|p1a: Empoleon|Max Geyser|p2a: Glaceon\n|-damage|p2a: Glaceon|4/100\n|-weather|RainDance\n|\n|-weather|RainDance|[upkeep]\n|-heal|p1a: Empoleon|35/100|[from] item: Leftovers\n|-damage|p1a: Empoleon|23/100|[from] Salt Cure\n|upkeep\n|turn|10\n|\n|t:|1789683351\n|move|p2a: Glaceon|Earth Power|p1a: Empoleon\n|-supereffective|p1a: Empoleon\n|-damage|p1a: Empoleon|0 fnt\n|faint|p1a: Empoleon\n|\n|-weather|RainDance|[upkeep]\n|upkeep\n|\n|t:|1789683351\n|switch|p1a: Cinderace|Cinderace|100/100\n|turn|11\n|\n|t:|1789683354\n|-terastallize|p1a: Cinderace|Fire\n|move|p1a: Cinderace|Pyro Ball|p2a: Glaceon\n|-supereffective|p2a: Glaceon\n|-damage|p2a: Glaceon|0 fnt\n|faint|p2a: Glaceon\n|\n|-weather|RainDance|[upkeep]\n|upkeep\n|\n|t:|1789683359\n|switch|p2a: Garganacl|Garganacl|100/100\n|turn|12\n|\n|t:|1789683360\n|move|p1a: Cinderace|Pyro Ball|p2a: Garganacl\n|-resisted|p2a: Garganacl\n|-damage|p2a: Garganacl|91/100\n|move|p2a: Garganacl|Salt Cure|p1a: Cinderace\n|-supereffective|p1a: Cinderace\n|-damage|p1a: Cinderace|60/100\n|-start|p1a: Cinderace|Salt Cure\n|\n|-weather|RainDance|[upkeep]\n|-heal|p2a: Garganacl|97/100|[from] item: Leftovers\n|-damage|p1a: Cinderace|48/100|[from] Salt Cure\n|upkeep\n|turn|13\n|\n|t:|1789683363\n|switch|p1a: Togekiss|Togekiss|100/100\n|move|p2a: Garganacl|Salt Cure|p1a: Togekiss\n|-supereffective|p1a: Togekiss\n|-damage|p1a: Togekiss|74/100\n|-start|p1a: Togekiss|Salt Cure\n|\n|-weather|none\n|-heal|p2a: Garganacl|100/100|[from] item: Leftovers\n|-damage|p1a: Togekiss|62/100|[from] Salt Cure\n|upkeep\n|turn|14\n|\n|t:|1789683364\n|move|p1a: Togekiss|Aura Sphere|p2a: Garganacl\n|-supereffective|p2a: Garganacl\n|-damage|p2a: Garganacl|45/100\n|move|p2a: Garganacl|Salt Cure|p1a: Togekiss\n|-supereffective|p1a: Togekiss\n|-damage|p1a: Togekiss|34/100\n|\n|-heal|p2a: Garganacl|51/100|[from] item: Leftovers\n|-damage|p1a: Togekiss|22/100|[from] Salt Cure\n|upkeep\n|turn|15\n|\n|t:|1789683369\n|switch|p2a: Gyarados|Gyarados|100/100\n|-ability|p2a: Gyarados|Intimidate|boost\n|-unboost|p1a: Togekiss|atk|1\n|move|p1a: Togekiss|Aura Sphere|p2a: Gyarados\n|-resisted|p2a: Gyarados\n|-damage|p2a: Gyarados|85/100\n|\n|-damage|p1a: Togekiss|10/100|[from] Salt Cure\n|upkeep\n|turn|16\n|\n|t:|1789683373\n|detailschange|p2a: Gyarados|Gyarados-Mega\n|-mega|p2a: Gyarados|Gyarados|Gyaradosite\n|-ability|p2a: Gyarados|Mold Breaker\n|move|p2a: Gyarados|Dragon Dance|p2a: Gyarados\n|-boost|p2a: Gyarados|atk|1\n|-boost|p2a: Gyarados|spe|1\n|move|p1a: Togekiss|Alluring Voice|p2a: Gyarados\n|-supereffective|p2a: Gyarados\n|-damage|p2a: Gyarados|7/100\n|-start|p2a: Gyarados|confusion\n|\n|-damage|p1a: Togekiss|0 fnt|[from] Salt Cure\n|faint|p1a: Togekiss\n|upkeep\n|\n|t:|1789683373\n|switch|p1a: Cinderace|Cinderace, tera:Fire|48/100\n|turn|17\n|\n|t:|1789683382\n|-activate|p2a: Gyarados|confusion\n|move|p2a: Gyarados|Earthquake|p1a: Cinderace\n|-supereffective|p1a: Cinderace\n|-damage|p1a: Cinderace|0 fnt\n|faint|p1a: Cinderace\n|\n|upkeep\n|\n|t:|1789683382\n|switch|p1a: Spiritomb|Spiritomb|21/100\n|turn|18\n|\n|t:|1789683384\n|-activate|p2a: Gyarados|confusion\n|move|p2a: Gyarados|Waterfall|p1a: Spiritomb\n|-damage|p1a: Spiritomb|0 fnt\n|faint|p1a: Spiritomb\n|\n|win|TheRealWhimsicott\n",
	"inputlog": ">start {\"formatid\":\"gen9rpou\",\"seed\":\"sodium,7f977dc8e6e7e712f6921ccfca858d8d\",\"rated\":\"Rated battle\"}\n>player p1 {\"name\":\"Bunny Stockfish\",\"avatar\":\"bunny.png\",\"team\":\"Spiritomb||Leftovers|KeystoneLegion|SoulToll,StrengthSap,WillOWisp,CarrionFeast|Calm|252,,4,,252,|N||||,,,,,Fairy]Cinderace||HeavyDutyBoots|Libero|PyroBall,Uturn,CourtChange,SuckerPunch|Jolly|,252,,,4,252|N||||,,,,,Fire]Empoleon||Leftovers|EmperorsPride|ImperialTorrent,Roost,StealthRock,WaveCharge|Calm|252,,4,,252,|N||||,,,,,Flying]Roserade||FocusSash|Masquerade|ThornedBouquet,SludgeBomb,SolarNectar,Spikes|Timid|,,,252,4,252|N||||,,,,,Grass]Togekiss||HeavyDutyBoots|SereneGrace|AirSlash,NastyPlot,AlluringVoice,AuraSphere|Modest|252,,,252,4,|N||||,,,,,Fairy]Rotom|RotomWash|Leftovers|Levitate|VoltSwitch,HydroPump,PainSplit,WillOWisp|Bold|252,,212,,,44|N||||,,,,,Steel\",\"rating\":1387}\n>player p2 {\"name\":\"TheRealWhimsicott\",\"avatar\":\"1\",\"team\":\"Kingambit||BlackGlasses|Defiant|KnockOff,Pursuit,SuckerPunch,SwordsDance|Adamant|252,252,,,4,|N||||,,,,,Dark]Haxorus||LoadedDice|MoldBreaker|HoneClaws,ScaleShot,Earthquake,IronHead|Jolly|4,252,,,,252|N||||,,,,,Steel]Pawmot||ChoiceBand|IronFist|RevivalBlessing,SparkScamper,CloseCombat,DoubleShock|Jolly|4,252,,,,252|N||||,,,,,Electric]Glaceon||ChoiceSpecs|DiamondDust|EarthPower,FreezeDry,FocusBlast,Blizzard|Modest|,,,252,4,252|N|,0,,,,|||,,,,,Ice]Gyarados||Gyaradosite|Intimidate|DragonDance,Earthquake,Waterfall,Crunch|Adamant|4,252,,,,252|N||||,,,,,Water]Garganacl||Leftovers|PurifyingSalt|Curse,SaltCure,BodyPress,Recover|Impish|252,4,252,,,|N||||,,,,,Ghost\",\"rating\":1138}\n>chat ☆Bunny Stockfish|Good luck! Playing on **stockfish**.\n>p1 team 3, 2, 4, 5, 6, 1\n>p2 team 3, 2, 1, 4, 5, 6\n>p1 switch 3\n>p2 move doubleshock terastallize\n>p1 move thornedbouquet\n>p2 move doubleshock\n>p1 switch 5\n>p1 move hydropump\n>p2 move doubleshock\n>p1 move hydropump\n>p2 move doubleshock\n>p1 switch 6\n>p1 move soultoll\n>p2 move doubleshock\n>p1 switch 2\n>p2 switch 6\n>p1 switch 3\n>p2 move saltcure\n>p1 move imperialtorrent dynamax\n>p2 switch 6\n>p2 switch 4\n>p1 move imperialtorrent dynamax\n>p2 move earthpower\n>p1 move imperialtorrent dynamax\n>p2 move earthpower\n>p1 switch 3\n>p1 move pyroball terastallize\n>p2 move earthpower\n>p2 switch 6\n>p1 move pyroball\n>p2 move saltcure\n>p1 switch 4\n>p2 move saltcure\n>p1 move aurasphere\n>p2 move saltcure\n>p1 move aurasphere\n>p2 switch 5\n>p1 move alluringvoice\n>p2 move dragondance mega\n>p1 switch 4\n>p1 move uturn\n>p2 move earthquake\n>p1 switch 2\n>p1 move soultoll\n>p2 move waterfall",
	"uploadtime": 1789683384
}