{
	"id": "gen9rpou-3-tm7rxf",
	"format": "[Gen 9] RP OU",
	"players": [
		"SlimeQueenSamantha",
		"Bunny Stockfish"
	],
	"rating": null,
	"log": "|j|☆SlimeQueenSamantha\n|j|☆Bunny Stockfish\n|t:|1790843046\n|gametype|singles\n|badge|p1|gold|gen9rpou|1-1\n|badge|p2|bronze|gen9rpou|3-3\n|player|p1|SlimeQueenSamantha|queen.png|1535\n|player|p2|Bunny Stockfish|bunny.png|1332\n|gen|9\n|tier|[Gen 9] RP OU\n|rated|\n|rule|HP Percentage Mod: HP is shown in percentages\n|rule|Endless Battle Clause: Forcing endless battles is banned\n|rule|Species Clause: Limit one of each Pokémon\n|rule|OHKO Clause: OHKO moves are banned\n|rule|Evasion Clause: Evasion abilities, items, and moves are banned\n|rule|Evasion Abilities Clause: Evasion abilities are banned\n|rule|Evasion Items Clause: Evasion items are banned\n|rule|Evasion Moves Clause: Evasion moves are banned\n|rule|Sleep Clause Mod: Limit one foe put to sleep\n|clearpoke\n|poke|p1|Gouging Fire|\n|poke|p1|Torkoal|\n|poke|p1|Infernape|\n|poke|p1|Leafeon|\n|poke|p1|Landorus-Therian|\n|poke|p1|Walking Wake|\n|poke|p2|Gyarados|\n|poke|p2|Magearna|\n|poke|p2|Ursaluna-Bloodmoon|\n|poke|p2|Glimmora|\n|poke|p2|Reshiram|\n|poke|p2|Weavile|\n|teampreview\n|c|☆Bunny Stockfish|Good luck! Playing on **stockfish**.\n|\n|t:|1790843054\n|teamsize|p1|6\n|teamsize|p2|6\n|start\n|switch|p1a: Landorus|Landorus-Therian|100/100\n|switch|p2a: Glimmora|Glimmora|100/100\n|-ability|p1a: Landorus|Intimidate|boost\n|-unboost|p2a: Glimmora|atk|1\n|turn|1\n|\n|t:|1790843056\n|switch|p2a: Gyarados|Gyarados|100/100\n|move|p1a: Landorus|Earthquake|p2a: Gyarados\n|-immune|p2a: Gyarados\n|\n|upkeep\n|turn|2\n|\n|t:|1790843060\n|detailschange|p2a: Gyarados|Gyarados-Mega\n|-mega|p2a: Gyarados|Gyarados|Gyaradosite\n|-ability|p2a: Gyarados|Mold Breaker\n|move|p2a: Gyarados|Dragon Dance|p2a: Gyarados\n|-boost|p2a: Gyarados|atk|1\n|-boost|p2a: Gyarados|spe|1\n|move|p1a: Landorus|U-turn|p2a: Gyarados\n|-supereffective|p2a: Gyarados\n|-crit|p2a: Gyarados\n|-damage|p2a: Gyarados|58/100\n|\n|t:|1790843066\n|switch|p1a: Leafeon|Leafeon|100/100|[from] U-turn\n|-weather|SunnyDay|[from] ability: Solstice|[of] p1a: Leafeon\n|\n|-weather|SunnyDay|[upkeep]\n|upkeep\n|turn|3\n|\n|t:|1790843068\n|move|p1a: Leafeon|Leaf Blade|p2a: Gyarados\n|-supereffective|p2a: Gyarados\n|-damage|p2a: Gyarados|1/100\n|move|p2a: Gyarados|Dragon Dance|p2a: Gyarados\n|-boost|p2a: Gyarados|atk|1\n|-boost|p2a: Gyarados|spe|1\n|\n|-weather|SunnyDay|[upkeep]\n|upkeep\n|turn|4\n|\n|t:|1790843070\n|move|p1a: Leafeon|Leaf Blade|p2a: Gyarados\n|-supereffective|p2a: Gyarados\n|-crit|p2a: Gyarados\n|-damage|p2a: Gyarados|0 fnt\n|faint|p2a: Gyarados\n|detailschange|p2: Gyarados|Gyarados|[silent]\n|\n|-weather|SunnyDay|[upkeep]\n|upkeep\n|\n|t:|1790843071\n|switch|p2a: Reshiram|Reshiram|100/100\n|-ability|p2a: Reshiram|Turboblaze\n|turn|5\n|\n|t:|1790843078\n|switch|p1a: Walking Wake|Walking Wake|100/100\n|-activate|p1a: Walking Wake|ability: Protosynthesis\n|-start|p1a: Walking Wake|protosynthesisspe\n|-terastallize|p2a: Reshiram|Fire\n|move|p2a: Reshiram|Blue Flare|p1a: Walking Wake\n|-resisted|p1a: Walking Wake\n|-damage|p1a: Walking Wake|59/100\n|-status|p1a: Walking Wake|brn\n|\n|-weather|SunnyDay|[upkeep]\n|-damage|p1a: Walking Wake|53/100 brn|[from] brn\n|upkeep\n|turn|6\n|\n|t:|1790843086\n|move|p1a: Walking Wake|Hydro Steam|p2a: Reshiram\n|-supereffective|p2a: Reshiram\n|-damage|p2a: Reshiram|0 fnt\n|faint|p2a: Reshiram\n|\n|-weather|none\n|-end|p1a: Walking Wake|Protosynthesis\n|-damage|p1a: Walking Wake|46/100 brn|[from] brn\n|upkeep\n|\n|t:|1790843086\n|switch|p2a: Glimmora|Glimmora|100/100\n|turn|7\n|\n|t:|1790843088\n|-start|p2a: Glimmora|Dynamax|\n|-heal|p2a: Glimmora|100/100|[silent]\n|move|p1a: Walking Wake|Hydro Steam|p2a: Glimmora\n|-supereffective|p2a: Glimmora\n|-damage|p2a: Glimmora|16/100\n|move|p2a: Glimmora|Max Rockfall|p1a: Walking Wake\n|-crit|p1a: Walking Wake\n|-damage|p1a: Walking Wake|0 fnt\n|-weather|Sandstorm\n|faint|p1a: Walking Wake\n|-end|p1a: Walking Wake|Protosynthesis|[silent]\n|\n|-weather|Sandstorm|[upkeep]\n|upkeep\n|\n|t:|1790843098\n|switch|p1a: Infernape|Infernape|100/100\n|turn|8\n|\n|t:|1790843100\n|-start|p1a: Infernape|Dynamax|\n|-heal|p1a: Infernape|100/100|[silent]\n|move|p1a: Infernape|Max Flare|p2a: Glimmora\n|-resisted|p2a: Glimmora\n|-damage|p2a: Glimmora|3/100\n|-weather|SunnyDay\n|move|p2a: Glimmora|Max Quake|p1a: Infernape\n|-supereffective|p1a: Infernape\n|-damage|p1a: Infernape|36/100\n|-boost|p2a: Glimmora|spd|1\n|\n|-weather|SunnyDay|[upkeep]\n|upkeep\n|turn|9\n|\n|t:|1790843106\n|move|p1a: Infernape|Max Flare|p2a: Glimmora\n|-resisted|p2a: Glimmora\n|-damage|p2a: Glimmora|0 fnt\n|faint|p2a: Glimmora\n|\n|-weather|SunnyDay|[upkeep]\n|upkeep\n|\n|t:|1790843106\n|switch|p2a: Ursaluna|Ursaluna-Bloodmoon|100/100\n|turn|10\n|\n|t:|1790843109\n|move|p1a: Infernape|Max Knuckle|p2a: Ursaluna\n|-supereffective|p2a: Ursaluna\n|-damage|p2a: Ursaluna|8/100\n|-boost|p1a: Infernape|atk|1\n|move|p2a: Ursaluna|Blood Moon|p1a: Infernape\n|-crit|p1a: Infernape\n|-damage|p1a: Infernape|0 fnt\n|faint|p1a: Infernape\n|\n|-weather|SunnyDay|[upkeep]\n|-heal|p2a: Ursaluna|14/100|[from] item: Leftovers\n|upkeep\n|\n|t:|1790843115\n|switch|p1a: Leafeon|Leafeon|100/100\n|turn|11\n|\n|t:|1790843119\n|switch|p2a: Magearna|Magearna|100/100\n|move|p1a: Leafeon|Swords Dance|p1a: Leafeon\n|-boost|p1a: Leafeon|atk|2\n|\n|-weather|SunnyDay|[upkeep]\n|upkeep\n|turn|12\n|\n|t:|1790843121\n|move|p1a: Leafeon|Earthquake|p2a: Magearna\n|-supereffective|p2a: Magearna\n|-damage|p2a: Magearna|0 fnt\n|faint|p2a: Magearna\n|\n|-weather|none\n|upkeep\n|\n|t:|1790843121\n|switch|p2a: Weavile|Weavile|100/100\n|-ability|p2a: Weavile|Pressure\n|turn|13\n|\n|t:|1790843127\n|-terastallize|p1a: Leafeon|Fire\n|move|p2a: Weavile|Ice Shard|p1a: Leafeon\n|-resisted|p1a: Leafeon\n|-damage|p1a: Leafeon|91/100\n|move|p1a: Leafeon|Tera Blast|p2a: Weavile|[anim] Tera Blast Fire\n|-enditem|p1a: Leafeon|Fire Gem|[from] gem\n|-supereffective|p2a: Weavile\n|-damage|p2a: Weavile|0 fnt\n|faint|p2a: Weavile\n|\n|upkeep\n|\n|t:|1790843127\n|switch|p2a: Ursaluna|Ursaluna-Bloodmoon|14/100\n|turn|14\n|\n|t:|1790843132\n|move|p1a: Leafeon|Leaf Blade|p2a: Ursaluna\n|-supereffective|p2a: Ursaluna\n|-damage|p2a: Ursaluna|0 fnt\n|faint|p2a: Ursaluna\n|\n|win|SlimeQueenSamantha\n",
	"inputlog": ">start {\"formatid\":\"gen9rpou\",\"seed\":\"sodium,00bf995d22a034d86f054e3b8ecadeca\",\"rated\":\"Rated battle\"}\n>player p1 {\"name\":\"SlimeQueenSamantha\",\"avatar\":\"queen.png\",\"team\":\"Gouging Fire||HeavyDutyBoots|Protosynthesis|HeatCrash,Earthquake,DragonDance,MorningSun|Jolly|,252,,,4,252|N||||,,,,,Fairy]Torkoal||HeatRock|Drought|LavaPlume,RapidSpin,SlackOff,WillOWisp|Bold|248,,252,,8,|N||||,,,,,Dragon]Infernape||HeavyDutyBoots|CrownofFlame|CloseCombat,FireBlast,IcePunch,Uturn|Hasty|,252,,4,,252|N||||,,,,,Fighting]Leafeon||FireGem|Solstice|LeafBlade,Earthquake,SwordsDance,TeraBlast|Naive|,252,,4,,252|N||||,,,,,Fire]Landorus|LandorusTherian|Leftovers|Intimidate|Earthquake,Uturn,Defog,StealthRock|Careful|252,4,,,252,|N||||,,,,,Water]Walking Wake||ChoiceSpecs|Protosynthesis|HydroSteam,DracoMeteor,Flamethrower,DragonPulse|Timid|12,,,244,,252|N|,0,,,,|||,,,,,Water\",\"rating\":1535}\n>player p2 {\"name\":\"Bunny Stockfish\",\"avatar\":\"bunny.png\",\"team\":\"Gyarados||Gyaradosite|Moxie|Waterfall,DragonDance,Taunt,Earthquake|Impish|248,,144,,,116|N||||,,,,,Ground]Magearna||Leftovers|SoulHeart|DrainingKiss,PlayRough,Penance,PainSplit|Timid|4,,,252,,252|N||||,,,,,Water]Ursaluna|UrsalunaBloodmoon|Leftovers|MindsEye|BloodMoon,HiddenPower,EarthPower,CalmMind|Modest|252,,,252,4,|N||||,Dark,,,,Ghost]Glimmora||PowerHerb|ToxicDebris|MeteorBeam,EarthPower,MortalSpin,StealthRock|Timid|,,,252,4,252|N||||,,,,,Ghost]Reshiram||HeavyDutyBoots|Turboblaze|DracoMeteor,BlueFlare,EarthPower,WillOWisp|Timid|,,,252,4,252|N|,0,,,,|||,,,,,Fire]Weavile||HeavyDutyBoots|Pressure|TripleAxel,KnockOff,IceShard,LowKick|Jolly|,252,,,4,252|N||||,,,,,Ice\",\"rating\":1332}\n>chat ☆Bunny Stockfish|Good luck! Playing on **stockfish**.\n>p1 team 5, 2, 3, 4, 1, 6\n>p2 team 4, 6, 5, 2, 1, 3\n>p1 move earthquake\n>p2 switch 5\n>p1 move uturn\n>p2 move dragondance mega\n>p1 switch 4\n>p1 move leafblade\n>p2 move dragondance\n>p1 move leafblade\n>p2 move earthquake\n>p2 switch 3\n>p1 switch 6\n>p2 move blueflare terastallize\n>p1 move hydrosteam\n>p2 move dracometeor\n>p2 switch 5\n>p1 move hydrosteam\n>p2 move meteorbeam dynamax\n>p1 switch 3\n>p1 move fireblast dynamax\n>p2 move earthpower dynamax\n>p1 move fireblast dynamax\n>p2 move earthpower dynamax\n>p2 switch 6\n>p1 move closecombat dynamax\n>p2 move bloodmoon\n>p1 switch 6\n>p1 move swordsdance\n>p2 switch 4\n>p1 move earthquake\n>p2 move drainingkiss\n>p2 switch 2\n>p1 move terablast terastallize\n>p2 move iceshard\n>p2 switch 4\n>p1 move leafblade\n>p2 move bloodmoon",
	"uploadtime": 1790843132
}