{
	"id": "gen9rpou-4-tm5heg",
	"format": "[Gen 9] RP OU",
	"players": [
		"Bunny Stockfish",
		"SlimeQueenSamantha"
	],
	"rating": null,
	"log": "|j|☆Bunny Stockfish\n|j|☆SlimeQueenSamantha\n|t:|1790730173\n|gametype|singles\n|badge|p1|bronze|gen9rpou|3-3\n|badge|p2|silver|gen9rpou|2-2\n|player|p1|Bunny Stockfish|bunny.png|1372\n|player|p2|SlimeQueenSamantha|queen.png|1422\n|gen|9\n|tier|[Gen 9] RP OU\n|rated|\n|rule|HP Percentage Mod: HP is shown in percentages\n|rule|Endless Battle Clause: Forcing endless battles is banned\n|rule|Species Clause: Limit one of each Pokémon\n|rule|OHKO Clause: OHKO moves are banned\n|rule|Evasion Clause: Evasion abilities, items, and moves are banned\n|rule|Evasion Abilities Clause: Evasion abilities are banned\n|rule|Evasion Items Clause: Evasion items are banned\n|rule|Evasion Moves Clause: Evasion moves are banned\n|rule|Sleep Clause Mod: Limit one foe put to sleep\n|clearpoke\n|poke|p1|Kingambit|\n|poke|p1|Blissey|\n|poke|p1|Kommo-o|\n|poke|p1|Tapu Koko|\n|poke|p1|Corviknight|\n|poke|p1|Spiritomb|\n|poke|p2|Lugia|\n|poke|p2|Blissey|\n|poke|p2|Registeel|\n|poke|p2|Umbreon|\n|poke|p2|Spiritomb|\n|poke|p2|Clodsire|\n|teampreview\n|c|☆Bunny Stockfish|Good luck! Playing on **stockfish**.\n|\n|t:|1790730177\n|teamsize|p1|6\n|teamsize|p2|6\n|start\n|switch|p1a: Spiritomb|Spiritomb|100/100\n|switch|p2a: Blissey|Blissey|100/100\n|turn|1\n|\n|t:|1790730180\n|move|p2a: Blissey|Toxic|p1a: Spiritomb\n|-status|p1a: Spiritomb|tox\n|move|p1a: Spiritomb|Carrion Feast|p2a: Blissey\n|-damage|p2a: Blissey|84/100\n|\n|-damage|p1a: Spiritomb|94/100 tox|[from] psn\n|upkeep\n|turn|2\n|\n|t:|1790730182\n|move|p2a: Blissey|Stealth Rock|p1a: Spiritomb\n|-sidestart|p1: Bunny Stockfish|move: Stealth Rock\n|move|p1a: Spiritomb|Carrion Feast|p2a: Blissey\n|-damage|p2a: Blissey|66/100\n|-heal|p1a: Spiritomb|100/100 tox|[from] drain|[of] p2a: Blissey\n|\n|-damage|p1a: Spiritomb|88/100 tox|[from] psn\n|upkeep\n|turn|3\n|\n|t:|1790730186\n|move|p2a: Blissey|Soft-Boiled|p2a: Blissey\n|-heal|p2a: Blissey|100/100\n|move|p1a: Spiritomb|Carrion Feast|p2a: Blissey\n|-damage|p2a: Blissey|82/100\n|-heal|p1a: Spiritomb|100/100 tox|[from] drain|[of] p2a: Blissey\n|\n|-damage|p1a: Spiritomb|82/100 tox|[from] psn\n|upkeep\n|turn|4\n|\n|t:|1790730191\n|switch|p2a: Umbreon|Umbreon|100/100\n|move|p1a: Spiritomb|Carrion Feast|p2a: Umbreon\n|-resisted|p2a: Umbreon\n|-damage|p2a: Umbreon|93/100\n|-heal|p1a: Spiritomb|86/100 tox|[from] drain|[of] p2a: Umbreon\n|\n|-heal|p2a: Umbreon|99/100|[from] item: Leftovers\n|-heal|p1a: Spiritomb|92/100 tox|[from] item: Leftovers\n|-damage|p1a: Spiritomb|68/100 tox|[from] psn\n|upkeep\n|turn|5\n|\n|t:|1790730198\n|move|p2a: Umbreon|Protect|p2a: Umbreon\n|-singleturn|p2a: Umbreon|Protect\n|move|p1a: Spiritomb|Will-O-Wisp|p2a: Umbreon\n|-activate|p2a: Umbreon|move: Protect\n|\n|-heal|p2a: Umbreon|100/100|[from] item: Leftovers\n|-heal|p1a: Spiritomb|74/100 tox|[from] item: Leftovers\n|-damage|p1a: Spiritomb|43/100 tox|[from] psn\n|upkeep\n|turn|6\n|\n|t:|1790730201\n|-terastallize|p1a: Spiritomb|Fairy\n|move|p2a: Umbreon|Knock Off|p1a: Spiritomb\n|-resisted|p1a: Spiritomb\n|-damage|p1a: Spiritomb|33/100 tox\n|-enditem|p1a: Spiritomb|Leftovers|[from] move: Knock Off|[of] p2a: Umbreon\n|move|p1a: Spiritomb|Strength Sap|p2a: Umbreon\n|-unboost|p2a: Umbreon|atk|1\n|-heal|p1a: Spiritomb|78/100 tox\n|\n|-damage|p1a: Spiritomb|41/100 tox|[from] psn\n|upkeep\n|turn|7\n|\n|t:|1790730210\n|move|p2a: Umbreon|Protect|p2a: Umbreon\n|-singleturn|p2a: Umbreon|Protect\n|move|p1a: Spiritomb|Strength Sap|p2a: Umbreon\n|-activate|p2a: Umbreon|move: Protect\n|\n|-damage|p1a: Spiritomb|0 fnt|[from] psn\n|faint|p1a: Spiritomb\n|upkeep\n|\n|t:|1790730211\n|switch|p1a: Kommo-o|Kommo-o|100/100\n|-damage|p1a: Kommo-o|94/100|[from] Stealth Rock\n|turn|8\n|\n|t:|1790730232\n|switch|p2a: Spiritomb|Spiritomb, shiny|100/100\n|move|p1a: Kommo-o|Clangorous Soul|p1a: Kommo-o\n|-boost|p1a: Kommo-o|atk|1\n|-boost|p1a: Kommo-o|def|1\n|-boost|p1a: Kommo-o|spa|1\n|-boost|p1a: Kommo-o|spd|1\n|-boost|p1a: Kommo-o|spe|1\n|-damage|p1a: Kommo-o|61/100\n|\n|-heal|p1a: Kommo-o|68/100|[from] item: Leftovers\n|upkeep\n|turn|9\n|\n|t:|1790730237\n|move|p1a: Kommo-o|Clangorous Soul|p1a: Kommo-o\n|-boost|p1a: Kommo-o|atk|1\n|-boost|p1a: Kommo-o|def|1\n|-boost|p1a: Kommo-o|spa|1\n|-boost|p1a: Kommo-o|spd|1\n|-boost|p1a: Kommo-o|spe|1\n|-damage|p1a: Kommo-o|35/100\n|move|p2a: Spiritomb|Will-O-Wisp|p1a: Kommo-o\n|-status|p1a: Kommo-o|brn\n|\n|-heal|p1a: Kommo-o|41/100 brn|[from] item: Leftovers\n|-damage|p1a: Kommo-o|35/100 brn|[from] brn\n|upkeep\n|turn|10\n|\n|t:|1790730241\n|switch|p1a: Kingambit|Kingambit|100/100\n|-damage|p1a: Kingambit|94/100|[from] Stealth Rock\n|-activate|p1a: Kingambit|ability: Supreme Overlord\n|-start|p1a: Kingambit|fallen1|[silent]\n|move|p2a: Spiritomb|Soul Toll|p1a: Kingambit\n|-resisted|p1a: Kingambit\n|-damage|p1a: Kingambit|82/100\n|\n|-heal|p1a: Kingambit|88/100|[from] item: Leftovers\n|upkeep\n|turn|11\n|\n|t:|1790730243\n|-start|p1a: Kingambit|Dynamax|\n|-heal|p1a: Kingambit|88/100|[silent]\n|move|p1a: Kingambit|Max Darkness|p2a: Spiritomb\n|-damage|p2a: Spiritomb|36/100\n|-unboost|p2a: Spiritomb|spd|1\n|move|p2a: Spiritomb|Will-O-Wisp|p1a: Kingambit|[miss]\n|-miss|p2a: Spiritomb|p1a: Kingambit\n|\n|-heal|p1a: Kingambit|91/100|[from] item: Leftovers\n|-heal|p2a: Spiritomb|42/100|[from] item: Leftovers\n|upkeep\n|turn|12\n|\n|t:|1790730252\n|move|p1a: Kingambit|Max Darkness|p2a: Spiritomb\n|-ability|p2a: Spiritomb|Keystone Legion\n|-message|The spirits of the keystone shield Spiritomb!\n|-start|p1a: Kingambit|Curse|[of] p2a: Spiritomb\n|-damage|p2a: Spiritomb|1/100\n|-unboost|p2a: Spiritomb|spd|1\n|move|p2a: Spiritomb|Strength Sap|p1a: Kingambit\n|-unboost|p1a: Kingambit|atk|1\n|-heal|p2a: Spiritomb|100/100\n|\n|-heal|p1a: Kingambit|94/100|[from] item: Leftovers\n|-damage|p1a: Kingambit|82/100|[from] Curse\n|upkeep\n|turn|13\n|\n|t:|1790730258\n|move|p1a: Kingambit|Max Darkness|p2a: Spiritomb\n|-damage|p2a: Spiritomb|60/100\n|-unboost|p2a: Spiritomb|spd|1\n|move|p2a: Spiritomb|Will-O-Wisp|p1a: Kingambit\n|-status|p1a: Kingambit|brn\n|\n|-heal|p1a: Kingambit|85/100 brn|[from] item: Leftovers\n|-heal|p2a: Spiritomb|66/100|[from] item: Leftovers\n|-damage|p1a: Kingambit|82/100 brn|[from] brn\n|-damage|p1a: Kingambit|69/100 brn|[from] Curse\n|upkeep\n|-end|p1a: Kingambit|Dynamax\n|-heal|p1a: Kingambit|69/100 brn|[silent]\n|turn|14\n|\n|t:|1790730266\n|move|p1a: Kingambit|Kowtow Cleave|p2a: Spiritomb\n|-damage|p2a: Spiritomb|50/100\n|move|p2a: Spiritomb|Strength Sap|p1a: Kingambit\n|-unboost|p1a: Kingambit|atk|1\n|-heal|p2a: Spiritomb|100/100\n|\n|-heal|p1a: Kingambit|75/100 brn|[from] item: Leftovers\n|-damage|p1a: Kingambit|69/100 brn|[from] brn\n|-damage|p1a: Kingambit|44/100 brn|[from] Curse\n|upkeep\n|turn|15\n|\n|t:|1790730270\n|-end|p1a: Kingambit|fallen1|[silent]\n|switch|p1a: Corviknight|Corviknight|100/100\n|-ability|p1a: Corviknight|Unnerve\n|-damage|p1a: Corviknight|88/100|[from] Stealth Rock\n|move|p2a: Spiritomb|Parting Shot|p1a: Corviknight\n|-unboost|p1a: Corviknight|atk|1\n|-unboost|p1a: Corviknight|spa|1\n|\n|t:|1790730278\n|switch|p2a: Registeel|Registeel|100/100|[from] Parting Shot\n|\n|-heal|p1a: Corviknight|94/100|[from] item: Leftovers\n|upkeep\n|turn|16\n|\n|t:|1790730280\n|move|p1a: Corviknight|Defog|p2a: Registeel\n|-unboost|p2a: Registeel|evasion|1\n|-sideend|p1: Bunny Stockfish|Stealth Rock|[from] move: Defog|[of] p1a: Corviknight\n|move|p2a: Registeel|Iron Defense|p2a: Registeel\n|-boost|p2a: Registeel|def|2\n|\n|-heal|p1a: Corviknight|99/100|[from] item: Leftovers\n|upkeep\n|turn|17\n|\n|t:|1790730283\n|move|p1a: Corviknight|Iron Defense|p1a: Corviknight\n|-boost|p1a: Corviknight|def|2\n|move|p2a: Registeel|Amnesia|p2a: Registeel\n|-boost|p2a: Registeel|spd|2\n|\n|-heal|p1a: Corviknight|100/100|[from] item: Leftovers\n|upkeep\n|turn|18\n|\n|t:|1790730285\n|move|p1a: Corviknight|Iron Defense|p1a: Corviknight\n|-boost|p1a: Corviknight|def|2\n|move|p2a: Registeel|Iron Defense|p2a: Registeel\n|-boost|p2a: Registeel|def|2\n|\n|upkeep\n|turn|19\n|\n|t:|1790730287\n|move|p1a: Corviknight|Iron Defense|p1a: Corviknight\n|-boost|p1a: Corviknight|def|2\n|move|p2a: Registeel|Iron Defense|p2a: Registeel\n|-boost|p2a: Registeel|def|2\n|\n|upkeep\n|turn|20\n|\n|t:|1790730289\n|move|p1a: Corviknight|Brave Bird|p2a: Registeel\n|-resisted|p2a: Registeel\n|-damage|p2a: Registeel|97/100\n|-damage|p1a: Corviknight|99/100|[from] Recoil\n|move|p2a: Registeel|Iron Defense|p2a: Registeel\n|-boost|p2a: Registeel|def|0\n|\n|-heal|p1a: Corviknight|100/100|[from] item: Leftovers\n|-heal|p2a: Registeel|100/100|[from] item: Leftovers\n|upkeep\n|turn|21\n|\n|t:|1790730291\n|move|p1a: Corviknight|Brave Bird|p2a: Registeel\n|-resisted|p2a: Registeel\n|-damage|p2a: Registeel|97/100\n|-damage|p1a: Corviknight|99/100|[from] Recoil\n|move|p2a: Registeel|Amnesia|p2a: Registeel\n|-boost|p2a: Registeel|spd|2\n|\n|-heal|p1a: Corviknight|100/100|[from] item: Leftovers\n|-heal|p2a: Registeel|100/100|[from] item: Leftovers\n|upkeep\n|turn|22\n|\n|t:|1790730293\n|move|p1a: Corviknight|Brave Bird|p2a: Registeel\n|-resisted|p2a: Registeel\n|-damage|p2a: Registeel|98/100\n|-damage|p1a: Corviknight|99/100|[from] Recoil\n|move|p2a: Registeel|Amnesia|p2a: Registeel\n|-boost|p2a: Registeel|spd|2\n|\n|-heal|p1a: Corviknight|100/100|[from] item: Leftovers\n|-heal|p2a: Registeel|100/100|[from] item: Leftovers\n|upkeep\n|turn|23\n|\n|t:|1790730295\n|move|p1a: Corviknight|Brave Bird|p2a: Registeel\n|-resisted|p2a: Registeel\n|-damage|p2a: Registeel|97/100\n|-damage|p1a: Corviknight|99/100|[from] Recoil\n|move|p2a: Registeel|Velvet Press|p1a: Corviknight\n|-resisted|p1a: Corviknight\n|-damage|p1a: Corviknight|29/100\n|\n|-heal|p1a: Corviknight|35/100|[from] item: Leftovers\n|-heal|p2a: Registeel|100/100|[from] item: Leftovers\n|upkeep\n|turn|24\n|\n|t:|1790730298\n|move|p1a: Corviknight|Roost|p1a: Corviknight\n|-heal|p1a: Corviknight|85/100\n|-singleturn|p1a: Corviknight|move: Roost\n|move|p2a: Registeel|Velvet Press|p1a: Corviknight\n|-resisted|p1a: Corviknight\n|-damage|p1a: Corviknight|23/100\n|\n|-heal|p1a: Corviknight|29/100|[from] item: Leftovers\n|upkeep\n|turn|25\n|\n|t:|1790730299\n|move|p1a: Corviknight|Roost|p1a: Corviknight\n|-heal|p1a: Corviknight|79/100\n|-singleturn|p1a: Corviknight|move: Roost\n|move|p2a: Registeel|Velvet Press|p1a: Corviknight\n|-resisted|p1a: Corviknight\n|-damage|p1a: Corviknight|14/100\n|\n|-heal|p1a: Corviknight|20/100|[from] item: Leftovers\n|upkeep\n|turn|26\n|\n|t:|1790730301\n|switch|p1a: Blissey|Blissey|100/100\n|move|p2a: Registeel|Velvet Press|p1a: Blissey\n|-damage|p1a: Blissey|65/100\n|\n|-heal|p1a: Blissey|71/100|[from] item: Leftovers\n|upkeep\n|turn|27\n|\n|t:|1790730305\n|move|p1a: Blissey|Soft-Boiled|p1a: Blissey\n|-heal|p1a: Blissey|100/100\n|move|p2a: Registeel|Velvet Press|p1a: Blissey\n|-damage|p1a: Blissey|64/100\n|\n|-heal|p1a: Blissey|70/100|[from] item: Leftovers\n|upkeep\n|turn|28\n|\n|t:|1790730313\n|switch|p2a: Clodsire|Clodsire|100/100\n|move|p1a: Blissey|Soft-Boiled|p1a: Blissey\n|-heal|p1a: Blissey|100/100\n|\n|upkeep\n|turn|29\n|\n|t:|1790730315\n|-curestatus|p1: Kommo-o|brn|[silent]\n|-curestatus|p1: Kingambit|brn|[silent]\n|-cureteam|p1a: Blissey|[from] ability: Caretaker\n|switch|p1a: Corviknight|Corviknight|20/100\n|-ability|p1a: Corviknight|Unnerve\n|move|p2a: Clodsire|Toxic Spikes|p1a: Corviknight\n|-sidestart|p1: Bunny Stockfish|move: Toxic Spikes\n|\n|-heal|p1a: Corviknight|26/100|[from] item: Leftovers\n|upkeep\n|turn|30\n|\n|t:|1790730344\n|move|p1a: Corviknight|Roost|p1a: Corviknight\n|-heal|p1a: Corviknight|76/100\n|-singleturn|p1a: Corviknight|move: Roost\n|move|p2a: Clodsire|Toxic Spikes|p1a: Corviknight\n|-sidestart|p1: Bunny Stockfish|move: Toxic Spikes\n|\n|-heal|p1a: Corviknight|82/100|[from] item: Leftovers\n|upkeep\n|turn|31\n|\n|t:|1790730349\n|switch|p2a: Spiritomb|Spiritomb, shiny|100/100\n|move|p1a: Corviknight|Iron Defense|p1a: Corviknight\n|-boost|p1a: Corviknight|def|2\n|\n|-heal|p1a: Corviknight|88/100|[from] item: Leftovers\n|upkeep\n|turn|32\n|\n|t:|1790730351\n|move|p1a: Corviknight|Iron Defense|p1a: Corviknight\n|-boost|p1a: Corviknight|def|2\n|move|p2a: Spiritomb|Will-O-Wisp|p1a: Corviknight\n|-status|p1a: Corviknight|brn\n|\n|-heal|p1a: Corviknight|94/100 brn|[from] item: Leftovers\n|-damage|p1a: Corviknight|88/100 brn|[from] brn\n|upkeep\n|turn|33\n|\n|t:|1790730357\n|move|p1a: Corviknight|Defog|p2a: Spiritomb\n|-unboost|p2a: Spiritomb|evasion|1\n|-sideend|p1: Bunny Stockfish|Toxic Spikes|[from] move: Defog|[of] p1a: Corviknight\n|move|p2a: Spiritomb|Parting Shot|p1a: Corviknight\n|-unboost|p1a: Corviknight|atk|1\n|-unboost|p1a: Corviknight|spa|1\n|\n|t:|1790730364\n|switch|p2a: Registeel|Registeel|100/100|[from] Parting Shot\n|\n|-heal|p1a: Corviknight|94/100 brn|[from] item: Leftovers\n|-damage|p1a: Corviknight|88/100 brn|[from] brn\n|upkeep\n|turn|34\n|\n|t:|1790730369\n|move|p1a: Corviknight|Roost|p1a: Corviknight\n|-heal|p1a: Corviknight|100/100 brn\n|-singleturn|p1a: Corviknight|move: Roost\n|move|p2a: Registeel|Iron Defense|p2a: Registeel\n|-boost|p2a: Registeel|def|2\n|\n|-damage|p1a: Corviknight|94/100 brn|[from] brn\n|upkeep\n|turn|35\n|\n|t:|1790730372\n|move|p1a: Corviknight|Brave Bird|p2a: Registeel\n|-resisted|p2a: Registeel\n|-damage|p2a: Registeel|97/100\n|-damage|p1a: Corviknight|93/100 brn|[from] Recoil\n|move|p2a: Registeel|Amnesia|p2a: Registeel\n|-boost|p2a: Registeel|spd|2\n|\n|-heal|p1a: Corviknight|99/100 brn|[from] item: Leftovers\n|-heal|p2a: Registeel|100/100|[from] item: Leftovers\n|-damage|p1a: Corviknight|93/100 brn|[from] brn\n|upkeep\n|turn|36\n|\n|t:|1790730375\n|move|p1a: Corviknight|Brave Bird|p2a: Registeel\n|-resisted|p2a: Registeel\n|-damage|p2a: Registeel|97/100\n|-damage|p1a: Corviknight|92/100 brn|[from] Recoil\n|move|p2a: Registeel|Iron Defense|p2a: Registeel\n|-boost|p2a: Registeel|def|2\n|\n|-heal|p1a: Corviknight|98/100 brn|[from] item: Leftovers\n|-heal|p2a: Registeel|100/100|[from] item: Leftovers\n|-damage|p1a: Corviknight|92/100 brn|[from] brn\n|upkeep\n|turn|37\n|\n|t:|1790730377\n|move|p1a: Corviknight|Brave Bird|p2a: Registeel\n|-resisted|p2a: Registeel\n|-damage|p2a: Registeel|98/100\n|-damage|p1a: Corviknight|92/100 brn|[from] Recoil\n|move|p2a: Registeel|Amnesia|p2a: Registeel\n|-boost|p2a: Registeel|spd|2\n|\n|-heal|p1a: Corviknight|98/100 brn|[from] item: Leftovers\n|-heal|p2a: Registeel|100/100|[from] item: Leftovers\n|-damage|p1a: Corviknight|92/100 brn|[from] brn\n|upkeep\n|turn|38\n|\n|t:|1790730381\n|move|p1a: Corviknight|Brave Bird|p2a: Registeel\n|-resisted|p2a: Registeel\n|-damage|p2a: Registeel|99/100\n|-damage|p1a: Corviknight|91/100 brn|[from] Recoil\n|move|p2a: Registeel|Iron Defense|p2a: Registeel\n|-boost|p2a: Registeel|def|2\n|\n|-heal|p1a: Corviknight|97/100 brn|[from] item: Leftovers\n|-heal|p2a: Registeel|100/100|[from] item: Leftovers\n|-damage|p1a: Corviknight|91/100 brn|[from] brn\n|upkeep\n|turn|39\n|\n|t:|1790730384\n|move|p1a: Corviknight|Brave Bird|p2a: Registeel\n|-resisted|p2a: Registeel\n|-crit|p2a: Registeel\n|-damage|p2a: Registeel|91/100\n|-damage|p1a: Corviknight|88/100 brn|[from] Recoil\n|move|p2a: Registeel|Amnesia|p2a: Registeel\n|-boost|p2a: Registeel|spd|2\n|\n|-heal|p1a: Corviknight|94/100 brn|[from] item: Leftovers\n|-heal|p2a: Registeel|97/100|[from] item: Leftovers\n|-damage|p1a: Corviknight|88/100 brn|[from] brn\n|upkeep\n|turn|40\n|\n|t:|1790730386\n|move|p1a: Corviknight|Roost|p1a: Corviknight\n|-heal|p1a: Corviknight|100/100 brn\n|-singleturn|p1a: Corviknight|move: Roost\n|move|p2a: Registeel|Velvet Press|p1a: Corviknight\n|-resisted|p1a: Corviknight\n|-damage|p1a: Corviknight|32/100 brn\n|\n|-heal|p1a: Corviknight|38/100 brn|[from] item: Leftovers\n|-heal|p2a: Registeel|100/100|[from] item: Leftovers\n|-damage|p1a: Corviknight|32/100 brn|[from] brn\n|upkeep\n|turn|41\n|\n|t:|1790730388\n|move|p1a: Corviknight|Roost|p1a: Corviknight\n|-heal|p1a: Corviknight|82/100 brn\n|-singleturn|p1a: Corviknight|move: Roost\n|move|p2a: Registeel|Velvet Press|p1a: Corviknight\n|-resisted|p1a: Corviknight\n|-crit|p1a: Corviknight\n|-damage|p1a: Corviknight|0 fnt\n|faint|p1a: Corviknight\n|\n|upkeep\n|\n|t:|1790730388\n|switch|p1a: Blissey|Blissey|100/100\n|turn|42\n|\n|t:|1790730391\n|switch|p2a: Umbreon|Umbreon|100/100\n|move|p1a: Blissey|Stealth Rock|p2a: Umbreon\n|-sidestart|p2: SlimeQueenSamantha|move: Stealth Rock\n|\n|upkeep\n|turn|43\n|\n|t:|1790730396\n|switch|p1a: Tapu Koko|Tapu Koko|100/100\n|-fieldstart|move: Electric Terrain|[from] ability: Electric Surge|[of] p1a: Tapu Koko\n|move|p2a: Umbreon|Knock Off|p1a: Tapu Koko\n|-resisted|p1a: Tapu Koko\n|-damage|p1a: Tapu Koko|84/100\n|-enditem|p1a: Tapu Koko|Life Orb|[from] move: Knock Off|[of] p2a: Umbreon\n|\n|upkeep\n|turn|44\n|\n|t:|1790730404\n|switch|p2a: Clodsire|Clodsire|100/100\n|move|p1a: Tapu Koko|Calm Mind|p1a: Tapu Koko\n|-boost|p1a: Tapu Koko|spa|1\n|-boost|p1a: Tapu Koko|spd|1\n|\n|upkeep\n|turn|45\n|\n|t:|1790730415\n|switch|p1a: Blissey|Blissey|100/100\n|move|p2a: Clodsire|Earthquake|p1a: Blissey\n|-damage|p1a: Blissey|43/100\n|\n|-heal|p1a: Blissey|49/100|[from] item: Leftovers\n|upkeep\n|turn|46\n|\n|t:|1790730417\n|move|p1a: Blissey|Hyper Voice|p2a: Clodsire\n|-damage|p2a: Clodsire|86/100\n|move|p2a: Clodsire|Earthquake|p1a: Blissey\n|-damage|p1a: Blissey|0 fnt\n|faint|p1a: Blissey\n|\n|upkeep\n|\n|t:|1790730417\n|switch|p1a: Kommo-o|Kommo-o|35/100\n|turn|47\n|\n|t:|1790730420\n|move|p1a: Kommo-o|Shadow Claw|p2a: Clodsire\n|-damage|p2a: Clodsire|71/100\n|move|p2a: Clodsire|Earthquake|p1a: Kommo-o\n|-damage|p1a: Kommo-o|12/100\n|\n|-heal|p1a: Kommo-o|18/100|[from] item: Leftovers\n|-fieldend|move: Electric Terrain\n|upkeep\n|turn|48\n|\n|t:|1790730423\n|move|p1a: Kommo-o|Shadow Claw|p2a: Clodsire\n|-damage|p2a: Clodsire|58/100\n|move|p2a: Clodsire|Earthquake|p1a: Kommo-o\n|-damage|p1a: Kommo-o|0 fnt\n|faint|p1a: Kommo-o\n|\n|upkeep\n|\n|t:|1790730423\n|switch|p1a: Kingambit|Kingambit|44/100\n|-activate|p1a: Kingambit|ability: Supreme Overlord\n|-start|p1a: Kingambit|fallen4|[silent]\n|turn|49\n|\n|t:|1790730425\n|move|p1a: Kingambit|Kowtow Cleave|p2a: Clodsire\n|-damage|p2a: Clodsire|3/100\n|move|p2a: Clodsire|Earthquake|p1a: Kingambit\n|-supereffective|p1a: Kingambit\n|-damage|p1a: Kingambit|0 fnt\n|faint|p1a: Kingambit\n|-end|p1a: Kingambit|fallen4|[silent]\n|\n|upkeep\n|\n|t:|1790730425\n|switch|p1a: Tapu Koko|Tapu Koko|84/100\n|-fieldstart|move: Electric Terrain|[from] ability: Electric Surge|[of] p1a: Tapu Koko\n|turn|50\n|\n|t:|1790730428\n|move|p1a: Tapu Koko|Velvet Press|p2a: Clodsire\n|-resisted|p2a: Clodsire\n|-damage|p2a: Clodsire|0 fnt\n|faint|p2a: Clodsire\n|\n|upkeep\n|\n|t:|1790730436\n|switch|p2a: Spiritomb|Spiritomb, shiny|100/100\n|-damage|p2a: Spiritomb|88/100|[from] Stealth Rock\n|turn|51\n|\n|t:|1790730440\n|-start|p2a: Spiritomb|Dynamax|\n|-heal|p2a: Spiritomb|88/100|[silent]\n|move|p1a: Tapu Koko|Velvet Press|p2a: Spiritomb\n|-supereffective|p2a: Spiritomb\n|-damage|p2a: Spiritomb|75/100\n|move|p2a: Spiritomb|Max Phantasm|p1a: Tapu Koko\n|-damage|p1a: Tapu Koko|25/100\n|-unboost|p1a: Tapu Koko|def|1\n|\n|-heal|p2a: Spiritomb|78/100|[from] item: Leftovers\n|upkeep\n|turn|52\n|\n|t:|1790730441\n|move|p1a: Tapu Koko|Velvet Press|p2a: Spiritomb\n|-supereffective|p2a: Spiritomb\n|-damage|p2a: Spiritomb|66/100\n|move|p2a: Spiritomb|Max Phantasm|p1a: Tapu Koko\n|-damage|p1a: Tapu Koko|0 fnt\n|faint|p1a: Tapu Koko\n|-message|A soul joins the legion. Spiritomb's keystone mends!\n|\n|win|SlimeQueenSamantha\n",
	"inputlog": ">start {\"formatid\":\"gen9rpou\",\"seed\":\"sodium,0852efa4eec4e68953761cde3d6381e3\",\"rated\":\"Rated battle\"}\n>player p1 {\"name\":\"Bunny Stockfish\",\"avatar\":\"bunny.png\",\"team\":\"Kingambit||Leftovers|SupremeOverlord|CarrionFeast,SuckerPunch,KowtowCleave,IronHead|Adamant|,252,4,,,252|N||||,,,,,Ghost]Blissey||Leftovers|Caretaker|SoftBoiled,StealthRock,HealBell,HyperVoice|Careful|252,,4,,252,|N|,0,,,,|||,,,,,Dark]Kommo-o||Leftovers|Soundproof|ClangorousSoul,DrainPunch,ShadowClaw,ShuffleJab|Jolly|248,8,,,,252|N||||,,,,,Ghost]Tapu Koko||LifeOrb|ElectricSurge|Thunderbolt,CalmMind,VelvetPress,SupercellSlam|Timid|,,,252,4,252|N||||,,,,,Electric]Corviknight||Leftovers|Unnerve|BraveBird,Defog,IronDefense,Roost|Impish|248,,252,,8,|N||||,,,,,Fighting]Spiritomb||Leftovers|KeystoneLegion|SoulToll,StrengthSap,WillOWisp,CarrionFeast|Calm|252,,4,,252,|N||||,,,,,Fairy\",\"rating\":1372}\n>player p2 {\"name\":\"SlimeQueenSamantha\",\"avatar\":\"queen.png\",\"team\":\"Lugia||HeavyDutyBoots|Multiscale|CalmMind,AirSlash,EarthPower,Recover|Timid|248,,8,,,252|N|,0,,,,|||,,,,,Ground]Blissey||HeavyDutyBoots|Caretaker|SoftBoiled,StealthRock,Toxic,SeismicToss|Bold|252,,252,,4,|N|,0,,,,|||,,,,,Water]Registeel||Leftovers|Unaware|SlackOff,IronDefense,Amnesia,velvetpress|Calm|252,,,4,252,|N|,0,,,,|||,,,,,Fairy]Umbreon||Leftovers|MoonlitVenom|Wish,Protect,KnockOff,Teleport|Careful|252,4,,,252,|N||||,,,,,Poison]Spiritomb||Leftovers|KeystoneLegion|soultoll,StrengthSap,PartingShot,WillOWisp|Careful|252,4,,,252,|N||S||,,,,,Dragon]Clodsire||HeavyDutyBoots|WaterAbsorb|ToxicSpikes,Punishment,Earthquake,Recover|Careful|248,8,244,,8,|N||||,,,,,Fire\",\"rating\":1422}\n>chat ☆Bunny Stockfish|Good luck! Playing on **stockfish**.\n>p1 team 6, 4, 3, 1, 5, 2\n>p2 team 2, 1, 3, 4, 5, 6\n>p1 move carrionfeast\n>p2 move toxic\n>p1 move carrionfeast\n>p2 move stealthrock\n>p1 move carrionfeast\n>p2 move softboiled\n>p1 move carrionfeast\n>p2 switch 4\n>p1 move willowisp\n>p2 move protect\n>p1 move strengthsap terastallize\n>p2 move knockoff\n>p1 move strengthsap\n>p2 move protect\n>p1 switch 3\n>p1 move clangoroussoul\n>p2 switch 5\n>p1 move clangoroussoul\n>p2 move willowisp\n>p1 switch 4\n>p2 move soultoll\n>p1 move kowtowcleave dynamax\n>p2 move willowisp\n>p1 move suckerpunch dynamax\n>p2 move strengthsap\n>p1 move kowtowcleave dynamax\n>p2 move willowisp\n>p1 move kowtowcleave\n>p2 move strengthsap\n>p1 switch 5\n>p2 move partingshot\n>p2 switch 3\n>p1 move defog\n>p2 move irondefense\n>p1 move irondefense\n>p2 move amnesia\n>p1 move irondefense\n>p2 move irondefense\n>p1 move irondefense\n>p2 move irondefense\n>p1 move bravebird\n>p2 move irondefense\n>p1 move bravebird\n>p2 move amnesia\n>p1 move bravebird\n>p2 move amnesia\n>p1 move bravebird\n>p2 move velvetpress\n>p1 move roost\n>p2 move velvetpress\n>p1 move roost\n>p2 move velvetpress\n>p1 switch 6\n>p2 move velvetpress\n>p1 move softboiled\n>p2 move velvetpress\n>p1 move softboiled\n>p2 switch 6\n>p1 switch 6\n>p2 move toxicspikes\n>p1 move roost\n>p2 move toxicspikes\n>p1 move irondefense\n>p2 switch 3\n>p1 move irondefense\n>p2 move willowisp\n>p1 move defog\n>p2 move partingshot\n>p2 switch 6\n>p1 move roost\n>p2 move irondefense\n>p1 move bravebird\n>p2 move amnesia\n>p1 move bravebird\n>p2 move irondefense\n>p1 move bravebird\n>p2 move amnesia\n>p1 move bravebird\n>p2 move irondefense\n>p1 move bravebird\n>p2 move amnesia\n>p1 move roost\n>p2 move velvetpress\n>p1 move roost\n>p2 move velvetpress\n>p1 switch 6\n>p1 move stealthrock\n>p2 switch 5\n>p1 switch 2\n>p2 move knockoff\n>p1 move calmmind\n>p2 switch 3\n>p1 switch 2\n>p2 move earthquake\n>p1 move hypervoice\n>p2 move earthquake\n>p1 switch 4\n>p1 move shadowclaw\n>p2 move earthquake\n>p1 move shadowclaw\n>p2 move earthquake\n>p1 switch 5\n>p1 move kowtowcleave\n>p2 move earthquake\n>p1 switch 2\n>p1 move velvetpress\n>p2 move earthquake\n>p2 switch 6\n>p1 move velvetpress\n>p2 move soultoll dynamax\n>p1 move velvetpress\n>p2 move soultoll dynamax",
	"uploadtime": 1790730441
}