{
	"id": "gen9rpou-1-tliry4",
	"format": "[Gen 9] RP OU",
	"players": [
		"Bunny Stockfish",
		"SlimeQueenSamantha"
	],
	"rating": null,
	"log": "|j|☆Bunny Stockfish\n|j|☆SlimeQueenSamantha\n|t:|1789667679\n|gametype|singles\n|player|p1|Bunny Stockfish|bunny.png|1332\n|player|p2|SlimeQueenSamantha|queen.png|1428\n|gen|9\n|tier|[Gen 9] RP OU\n|rated|\n|rule|HP Percentage Mod: HP is shown in percentages\n|rule|Endless Battle Clause: Forcing endless battles is banned\n|rule|Species Clause: Limit one of each Pokémon\n|rule|OHKO Clause: OHKO moves are banned\n|rule|Evasion Clause: Evasion abilities, items, and moves are banned\n|rule|Evasion Abilities Clause: Evasion abilities are banned\n|rule|Evasion Items Clause: Evasion items are banned\n|rule|Evasion Moves Clause: Evasion moves are banned\n|rule|Sleep Clause Mod: Limit one foe put to sleep\n|clearpoke\n|poke|p1|Kingambit|\n|poke|p1|Rotom-Wash|\n|poke|p1|Great Tusk|\n|poke|p1|Iron Moth|\n|poke|p1|Zapdos|\n|poke|p1|Hoopa-Unbound|\n|poke|p2|Spiritomb|\n|poke|p2|Glaceon|\n|poke|p2|Garchomp|\n|poke|p2|Roserade|\n|poke|p2|Togekiss|\n|poke|p2|Lucario|\n|teampreview\n|c|☆Bunny Stockfish|Good luck! Playing on **stockfish**.\n|\n|t:|1789667733\n|teamsize|p1|6\n|teamsize|p2|6\n|start\n|switch|p1a: Iron Moth|Iron Moth|100/100\n|switch|p2a: Garchomp|Garchomp|100/100\n|turn|1\n|\n|t:|1789667736\n|-end|p1a: Iron Moth|Quark Drive|[silent]\n|switch|p1a: Great Tusk|Great Tusk|100/100\n|move|p2a: Garchomp|Earthquake|p1a: Great Tusk\n|-damage|p1a: Great Tusk|73/100\n|\n|-heal|p1a: Great Tusk|80/100|[from] item: Leftovers\n|upkeep\n|turn|2\n|\n|t:|1789667738\n|-start|p1a: Great Tusk|Dynamax|\n|-heal|p1a: Great Tusk|80/100|[silent]\n|move|p1a: Great Tusk|Max Hailstorm|p2a: Garchomp\n|-supereffective|p2a: Garchomp\n|-damage|p2a: Garchomp|12/100\n|-weather|Hail\n|move|p2a: Garchomp|Stealth Rock|p1a: Great Tusk\n|-sidestart|p1: Bunny Stockfish|move: Stealth Rock\n|\n|-weather|Hail|[upkeep]\n|-damage|p1a: Great Tusk|76/100|[from] Hail\n|-damage|p2a: Garchomp|6/100|[from] Hail\n|-heal|p1a: Great Tusk|80/100|[from] item: Leftovers\n|upkeep\n|turn|3\n|\n|t:|1789667747\n|switch|p2a: Glaceon|Glaceon|100/100\n|-weather|Snowscape|[from] ability: Diamond Dust|[of] p2a: Glaceon\n|move|p1a: Great Tusk|Max Hailstorm|p2a: Glaceon\n|-resisted|p2a: Glaceon\n|-damage|p2a: Glaceon|86/100\n|-weather|Hail\n|\n|-weather|Hail|[upkeep]\n|-damage|p1a: Great Tusk|76/100|[from] Hail\n|-heal|p1a: Great Tusk|80/100|[from] item: Leftovers\n|upkeep\n|turn|4\n|\n|t:|1789667751\n|-end|p1a: Great Tusk|Dynamax\n|-heal|p1a: Great Tusk|80/100|[silent]\n|-end|p1a: Great Tusk|Protosynthesis|[silent]\n|switch|p1a: Iron Moth|Iron Moth|100/100\n|-damage|p1a: Iron Moth|76/100|[from] Stealth Rock\n|move|p2a: Glaceon|Blizzard|p1a: Iron Moth\n|-resisted|p1a: Iron Moth\n|-damage|p1a: Iron Moth|31/100\n|-damage|p2a: Glaceon|77/100|[from] item: Life Orb\n|\n|-weather|Hail|[upkeep]\n|-damage|p1a: Iron Moth|25/100|[from] Hail\n|upkeep\n|turn|5\n|\n|t:|1789667756\n|move|p2a: Glaceon|Earth Power|p1a: Iron Moth\n|-supereffective|p1a: Iron Moth\n|-damage|p1a: Iron Moth|0 fnt\n|faint|p1a: Iron Moth\n|-end|p1a: Iron Moth|Quark Drive|[silent]\n|-damage|p2a: Glaceon|67/100|[from] item: Life Orb\n|\n|-weather|Hail|[upkeep]\n|upkeep\n|\n|t:|1789667757\n|switch|p1a: Hoopa|Hoopa-Unbound|100/100\n|-damage|p1a: Hoopa|88/100|[from] Stealth Rock\n|turn|6\n|\n|t:|1789667761\n|-terastallize|p2a: Glaceon|Ice\n|move|p2a: Glaceon|Blizzard|p1a: Hoopa\n|-damage|p1a: Hoopa|0 fnt\n|faint|p1a: Hoopa\n|-damage|p2a: Glaceon|57/100|[from] item: Life Orb\n|\n|-weather|Hail|[upkeep]\n|upkeep\n|\n|t:|1789667761\n|switch|p1a: Kingambit|Kingambit|100/100\n|-damage|p1a: Kingambit|94/100|[from] Stealth Rock\n|-activate|p1a: Kingambit|ability: Supreme Overlord\n|-start|p1a: Kingambit|fallen2|[silent]\n|turn|7\n|\n|t:|1789667765\n|move|p2a: Glaceon|Aurora Veil|p2a: Glaceon\n|-sidestart|p2: SlimeQueenSamantha|move: Aurora Veil\n|move|p1a: Kingambit|Iron Head|p2a: Glaceon\n|-supereffective|p2a: Glaceon\n|-damage|p2a: Glaceon|0 fnt\n|faint|p2a: Glaceon\n|\n|-weather|none\n|-heal|p1a: Kingambit|100/100|[from] item: Leftovers\n|upkeep\n|\n|t:|1789667769\n|switch|p2a: Lucario|Lucario|100/100\n|turn|8\n|\n|t:|1789667771\n|-end|p1a: Kingambit|fallen2|[silent]\n|switch|p1a: Zapdos|Zapdos|100/100\n|detailschange|p2a: Lucario|Lucario-Mega-Z\n|-mega|p2a: Lucario|Lucario|Lucarionite Z\n|move|p2a: Lucario|Nasty Plot|p2a: Lucario\n|-boost|p2a: Lucario|spa|2\n|\n|upkeep\n|turn|9\n|\n|t:|1789667779\n|move|p2a: Lucario|Dark Pulse|p1a: Zapdos\n|-damage|p1a: Zapdos|34/100\n|move|p1a: Zapdos|Hurricane|p2a: Lucario\n|-damage|p2a: Lucario|63/100\n|-start|p2a: Lucario|confusion\n|\n|upkeep\n|turn|10\n|\n|t:|1789667792\n|switch|p1a: Great Tusk|Great Tusk|80/100\n|-damage|p1a: Great Tusk|77/100|[from] Stealth Rock\n|-activate|p2a: Lucario|confusion\n|move|p2a: Lucario|Dark Pulse|p1a: Great Tusk\n|-resisted|p1a: Great Tusk\n|-damage|p1a: Great Tusk|33/100\n|\n|-heal|p1a: Great Tusk|39/100|[from] item: Leftovers\n|upkeep\n|turn|11\n|\n|t:|1789667794\n|-activate|p2a: Lucario|confusion\n|-damage|p2a: Lucario|50/100|[from] confusion\n|move|p1a: Great Tusk|Headlong Rush|p2a: Lucario\n|-supereffective|p2a: Lucario\n|-damage|p2a: Lucario|6/100\n|-unboost|p1a: Great Tusk|def|1\n|-unboost|p1a: Great Tusk|spd|1\n|\n|-heal|p1a: Great Tusk|46/100|[from] item: Leftovers\n|-sideend|p2: SlimeQueenSamantha|move: Aurora Veil\n|upkeep\n|turn|12\n|\n|t:|1789667799\n|-activate|p2a: Lucario|confusion\n|-damage|p2a: Lucario|0 fnt|[from] confusion\n|faint|p2a: Lucario\n|detailschange|p2: Lucario|Lucario|[silent]\n|move|p1a: Great Tusk|Headlong Rush|p2: Lucario|[notarget]\n|-fail|p1a: Great Tusk\n|\n|-heal|p1a: Great Tusk|52/100|[from] item: Leftovers\n|upkeep\n|\n|t:|1789667802\n|switch|p2a: Roserade|Roserade|100/100\n|-ability|p2a: Roserade|Masquerade\n|-start|p1a: Great Tusk|move: Taunt\n|turn|13\n|\n|t:|1789667804\n|move|p2a: Roserade|Thorned Bouquet|p1a: Great Tusk\n|-supereffective|p1a: Great Tusk\n|-damage|p1a: Great Tusk|0 fnt\n|faint|p1a: Great Tusk\n|-end|p1a: Great Tusk|Protosynthesis|[silent]\n|\n|upkeep\n|\n|t:|1789667804\n|switch|p1a: Kingambit|Kingambit|100/100\n|-damage|p1a: Kingambit|94/100|[from] Stealth Rock\n|-activate|p1a: Kingambit|ability: Supreme Overlord\n|-start|p1a: Kingambit|fallen3|[silent]\n|turn|14\n|\n|t:|1789667808\n|move|p2a: Roserade|Nasty Plot|p2a: Roserade\n|-boost|p2a: Roserade|spa|2\n|move|p1a: Kingambit|Iron Head|p2a: Roserade\n|-damage|p2a: Roserade|0 fnt\n|faint|p2a: Roserade\n|\n|-heal|p1a: Kingambit|100/100|[from] item: Leftovers\n|upkeep\n|\n|t:|1789667811\n|switch|p2a: Garchomp|Garchomp|6/100\n|turn|15\n|\n|t:|1789667812\n|-terastallize|p1a: Kingambit|Dark\n|move|p2a: Garchomp|Spikes|p1a: Kingambit\n|-sidestart|p1: Bunny Stockfish|Spikes\n|move|p1a: Kingambit|Iron Head|p2a: Garchomp\n|-damage|p2a: Garchomp|0 fnt\n|-damage|p1a: Kingambit|88/100|[from] ability: Rough Skin|[of] p2a: Garchomp\n|-damage|p1a: Kingambit|72/100|[from] item: Rocky Helmet|[of] p2a: Garchomp\n|faint|p2a: Garchomp\n|\n|-heal|p1a: Kingambit|78/100|[from] item: Leftovers\n|upkeep\n|\n|t:|1789667818\n|switch|p2a: Togekiss|Togekiss|100/100\n|turn|16\n|\n|t:|1789667822\n|move|p2a: Togekiss|Alluring Voice|p1a: Kingambit\n|-supereffective|p1a: Kingambit\n|-damage|p1a: Kingambit|0 fnt\n|faint|p1a: Kingambit\n|-end|p1a: Kingambit|fallen3|[silent]\n|\n|upkeep\n|\n|t:|1789667822\n|switch|p1a: Rotom|Rotom-Wash|100/100\n|-damage|p1a: Rotom|88/100|[from] Stealth Rock\n|turn|17\n|\n|t:|1789667827\n|-start|p2a: Togekiss|Dynamax|\n|-heal|p2a: Togekiss|100/100|[silent]\n|move|p2a: Togekiss|Max Starfall|p1a: Rotom\n|-damage|p1a: Rotom|21/100\n|-fieldstart|move: Misty Terrain\n|move|p1a: Rotom|Volt Switch|p2a: Togekiss\n|-supereffective|p2a: Togekiss\n|-damage|p2a: Togekiss|76/100\n|\n|t:|1789667827\n|switch|p1a: Zapdos|Zapdos|34/100|[from] Volt Switch\n|\n|upkeep\n|turn|18\n|\n|t:|1789667834\n|move|p2a: Togekiss|Max Starfall|p1a: Zapdos\n|-damage|p1a: Zapdos|0 fnt\n|faint|p1a: Zapdos\n|\n|upkeep\n|\n|t:|1789667834\n|switch|p1a: Rotom|Rotom-Wash|21/100\n|-damage|p1a: Rotom|8/100|[from] Stealth Rock\n|turn|19\n|\n|t:|1789667837\n|move|p2a: Togekiss|Max Starfall|p1a: Rotom\n|-damage|p1a: Rotom|0 fnt\n|faint|p1a: Rotom\n|\n|win|SlimeQueenSamantha\n",
	"inputlog": ">start {\"formatid\":\"gen9rpou\",\"seed\":\"sodium,a599f2a364308429b2a3263c8bc05c48\",\"rated\":\"Rated battle\"}\n>player p1 {\"name\":\"Bunny Stockfish\",\"avatar\":\"bunny.png\",\"team\":\"Kingambit||Leftovers|SupremeOverlord|SwordsDance,SuckerPunch,CarrionFeast,IronHead|Adamant|252,252,,,4,|N||||,,,,,Dark]Rotom|RotomWash|Leftovers|Levitate|VoltSwitch,HydroPump,PainSplit,WillOWisp|Bold|252,,212,,,44|N||||,,,,,Steel]Great Tusk||Leftovers|Protosynthesis|HeadlongRush,IceSpinner,RapidSpin,StealthRock|Jolly|252,4,,,,252|N||||,,,,,Water]Iron Moth||ChoiceSpecs|QuarkDrive|Overheat,FieryDance,SludgeWave,EnergyBall|Timid|,,4,252,,252|N|,0,,,,|||,,,,,Fire]Zapdos||HeavyDutyBoots|Static|Hurricane,Uturn,ThunderWave,Roost|Bold|248,,252,8,,|N|,0,,,,|||,,,,,Grass]Hoopa|HoopaUnbound|ChoiceBand|Magician|HyperspaceFury,ZenHeadbutt,DrainPunch,Trick|Adamant|40,252,,,,216|N||||,,,,,Dark\",\"rating\":1332}\n>player p2 {\"name\":\"SlimeQueenSamantha\",\"avatar\":\"queen.png\",\"team\":\"Spiritomb||Leftovers|KeystoneLegion|SoulToll,StrengthSap,PartingShot,WillOWisp|Calm|252,,4,,252,|N||||,,,,,Fairy]Glaceon||LifeOrb|DiamondDust|Blizzard,FreezeDry,AuroraVeil,EarthPower|Modest|,,4,252,,252|N|,0,,,,|||,,,,,Ice]Garchomp||RockyHelmet|RoughSkin|Earthquake,DragonTail,StealthRock,Spikes|Impish|252,,216,,,40|N||||,,,,,Ghost]Roserade||HeavyDutyBoots|Masquerade|ThornedBouquet,Oxidize,NastyPlot,MortalSpin|Timid|,,,252,4,252|N||||,,,,,Water]Togekiss||ChoiceScarf|SereneGrace|AirSlash,Uturn,AlluringVoice,Flamethrower|Timid|,,,252,4,252|N||||,,,,,Flying]Lucario||LucarioniteZ|Steadfast|NastyPlot,AuraSphere,FlashCannon,DarkPulse|Timid|,,,252,,252|N|,0,,,,|||,,,,,Ghost\",\"rating\":1428}\n>chat ☆Bunny Stockfish|Good luck! Playing on **stockfish**.\n>p1 team 4, 3, 6, 5, 2, 1\n>p2 team 3, 2, 1, 4, 5, 6\n>p1 switch 2\n>p2 move earthquake\n>p1 move icespinner dynamax\n>p2 move stealthrock\n>p1 move icespinner dynamax\n>p2 switch 2\n>p1 switch 2\n>p2 move blizzard\n>p1 move overheat\n>p2 move earthpower\n>p1 switch 3\n>p1 move drainpunch\n>p2 move blizzard terastallize\n>p1 switch 6\n>p1 move ironhead\n>p2 move auroraveil\n>p2 switch 6\n>p1 switch 4\n>p2 move nastyplot mega\n>p1 move hurricane\n>p2 move darkpulse\n>p1 switch 2\n>p2 move darkpulse\n>p1 move headlongrush\n>p2 move flashcannon\n>p1 move headlongrush\n>p2 move flashcannon\n>p2 switch 4\n>p1 move headlongrush\n>p2 move thornedbouquet\n>p1 switch 4\n>p1 move ironhead\n>p2 move nastyplot\n>p2 switch 2\n>p1 move ironhead terastallize\n>p2 move spikes\n>p2 switch 5\n>p1 move ironhead\n>p2 move alluringvoice\n>p1 switch 5\n>p1 move voltswitch\n>p2 move alluringvoice dynamax\n>p1 switch 2\n>p1 move hurricane\n>p2 move alluringvoice dynamax\n>p1 switch 2\n>p1 move voltswitch\n>p2 move alluringvoice dynamax",
	"uploadtime": 1789667837
}