{
	"id": "gen9rpou-2-tliyi7",
	"format": "[Gen 9] RP OU",
	"players": [
		"SlimeQueenSamantha",
		"Bunny Stockfish"
	],
	"rating": null,
	"log": "|j|☆SlimeQueenSamantha\n|j|☆Bunny Stockfish\n|t:|1789675814\n|gametype|singles\n|badge|p1|gold|gen9rpou|1-1\n|badge|p2|silver|gen9rpou|2-2\n|player|p1|SlimeQueenSamantha|queen.png|1555\n|player|p2|Bunny Stockfish|bunny.png|1411\n|gen|9\n|tier|[Gen 9] RP OU\n|rated|\n|rule|HP Percentage Mod: HP is shown in percentages\n|rule|Endless Battle Clause: Forcing endless battles is banned\n|rule|Species Clause: Limit one of each Pokémon\n|rule|OHKO Clause: OHKO moves are banned\n|rule|Evasion Clause: Evasion abilities, items, and moves are banned\n|rule|Evasion Abilities Clause: Evasion abilities are banned\n|rule|Evasion Items Clause: Evasion items are banned\n|rule|Evasion Moves Clause: Evasion moves are banned\n|rule|Sleep Clause Mod: Limit one foe put to sleep\n|clearpoke\n|poke|p1|Flareon|\n|poke|p1|Landorus-Therian, M|\n|poke|p1|Heatran|\n|poke|p1|Vaporeon|\n|poke|p1|Simisear|\n|poke|p1|Spiritomb|\n|poke|p2|Tinkaton|\n|poke|p2|Glaceon|\n|poke|p2|Simipour|\n|poke|p2|Sinistcha-Masterpiece|\n|poke|p2|Spiritomb|\n|poke|p2|Blissey|\n|teampreview\n|c|☆Bunny Stockfish|Good luck! Playing on **stockfish**.\n|\n|t:|1789675818\n|teamsize|p1|6\n|teamsize|p2|6\n|start\n|switch|p1a: Simisear|Simisear|100/100\n|switch|p2a: Simipour|Simipour|100/100\n|-weather|RainDance|[from] ability: Tidal Surge|[of] p2a: Simipour\n|turn|1\n|\n|t:|1789675824\n|-terastallize|p2a: Simipour|Water\n|-activate|p2a: Simipour|item: Elemental Banana\n|move|p2a: Simipour|Liquidation|p1a: Simisear\n|-supereffective|p1a: Simisear\n|-damage|p1a: Simisear|0 fnt\n|faint|p1a: Simisear\n|\n|-weather|RainDance|[upkeep]\n|upkeep\n|\n|t:|1789675831\n|switch|p1a: Spiritomb|Spiritomb|100/100\n|turn|2\n|\n|t:|1789675833\n|move|p2a: Simipour|Liquidation|p1a: Spiritomb\n|-damage|p1a: Spiritomb|12/100\n|move|p1a: Spiritomb|Will-O-Wisp|p2a: Simipour\n|-status|p2a: Simipour|brn\n|\n|-weather|RainDance|[upkeep]\n|-heal|p1a: Spiritomb|18/100|[from] item: Leftovers\n|-damage|p2a: Simipour|94/100 brn|[from] brn\n|upkeep\n|turn|3\n|\n|t:|1789675838\n|move|p2a: Simipour|Liquidation|p1a: Spiritomb\n|-ability|p1a: Spiritomb|Keystone Legion\n|-message|The spirits of the keystone shield Spiritomb!\n|-start|p2a: Simipour|Curse|[of] p1a: Spiritomb\n|-damage|p1a: Spiritomb|1/100\n|-unboost|p1a: Spiritomb|def|1\n|move|p1a: Spiritomb|Soul Toll|p2a: Simipour\n|-damage|p2a: Simipour|0 fnt\n|-heal|p1a: Spiritomb|37/100|[from] drain|[of] p2a: Simipour\n|faint|p2a: Simipour\n|-message|A soul joins the legion. Spiritomb's keystone mends!\n|\n|-weather|RainDance|[upkeep]\n|-heal|p1a: Spiritomb|44/100|[from] item: Leftovers\n|upkeep\n|\n|t:|1789675838\n|switch|p2a: Tinkaton|Tinkaton|100/100\n|-item|p2a: Tinkaton|Air Balloon\n|turn|4\n|\n|t:|1789675851\n|-start|p2a: Tinkaton|Dynamax|\n|-heal|p2a: Tinkaton|100/100|[silent]\n|move|p2a: Tinkaton|Max Rockfall|p1a: Spiritomb\n|-damage|p1a: Spiritomb|14/100\n|-weather|Sandstorm\n|move|p1a: Spiritomb|Will-O-Wisp|p2a: Tinkaton\n|-status|p2a: Tinkaton|brn\n|\n|-weather|Sandstorm|[upkeep]\n|-damage|p1a: Spiritomb|7/100|[from] Sandstorm\n|-heal|p1a: Spiritomb|14/100|[from] item: Leftovers\n|-damage|p2a: Tinkaton|97/100 brn|[from] brn\n|upkeep\n|turn|5\n|\n|t:|1789675859\n|move|p2a: Tinkaton|Max Darkness|p1a: Spiritomb\n|-damage|p1a: Spiritomb|2/100\n|-unboost|p1a: Spiritomb|spd|1\n|move|p1a: Spiritomb|Strength Sap|p2a: Tinkaton\n|-unboost|p2a: Tinkaton|atk|1\n|-heal|p1a: Spiritomb|52/100\n|\n|-weather|Sandstorm|[upkeep]\n|-damage|p1a: Spiritomb|45/100|[from] Sandstorm\n|-heal|p1a: Spiritomb|52/100|[from] item: Leftovers\n|-damage|p2a: Tinkaton|94/100 brn|[from] brn\n|upkeep\n|turn|6\n|\n|t:|1789675868\n|move|p2a: Tinkaton|Max Steelspike|p1a: Spiritomb\n|-damage|p1a: Spiritomb|36/100\n|-boost|p2a: Tinkaton|def|1\n|move|p1a: Spiritomb|Will-O-Wisp|p2a: Tinkaton\n|-fail|p2a: Tinkaton|brn\n|\n|-weather|Sandstorm|[upkeep]\n|-damage|p1a: Spiritomb|29/100|[from] Sandstorm\n|-heal|p1a: Spiritomb|36/100|[from] item: Leftovers\n|-damage|p2a: Tinkaton|91/100 brn|[from] brn\n|upkeep\n|-end|p2a: Tinkaton|Dynamax\n|-heal|p2a: Tinkaton|91/100 brn|[silent]\n|turn|7\n|\n|t:|1789675875\n|move|p2a: Tinkaton|Gigaton Hammer|p1a: Spiritomb\n|-crit|p1a: Spiritomb\n|-ability|p1a: Spiritomb|Keystone Legion\n|-message|The spirits of the keystone shield Spiritomb!\n|-start|p2a: Tinkaton|Curse|[of] p1a: Spiritomb\n|-damage|p1a: Spiritomb|1/100\n|move|p1a: Spiritomb|Strength Sap|p2a: Tinkaton\n|-unboost|p2a: Tinkaton|atk|1\n|-heal|p1a: Spiritomb|34/100\n|\n|-weather|Sandstorm|[upkeep]\n|-damage|p1a: Spiritomb|28/100|[from] Sandstorm\n|-heal|p1a: Spiritomb|34/100|[from] item: Leftovers\n|-damage|p2a: Tinkaton|85/100 brn|[from] brn\n|-damage|p2a: Tinkaton|60/100 brn|[from] Curse\n|upkeep\n|turn|8\n|\n|t:|1789675883\n|switch|p2a: Glaceon|Glaceon|100/100\n|-weather|Snowscape|[from] ability: Diamond Dust|[of] p2a: Glaceon\n|move|p1a: Spiritomb|Soul Toll|p2a: Glaceon\n|-damage|p2a: Glaceon|76/100\n|\n|-weather|Snowscape|[upkeep]\n|-heal|p1a: Spiritomb|40/100|[from] item: Leftovers\n|upkeep\n|turn|9\n|\n|t:|1789675893\n|switch|p1a: Heatran|Heatran|100/100\n|move|p2a: Glaceon|Blizzard|p1a: Heatran\n|-resisted|p1a: Heatran\n|-damage|p1a: Heatran|89/100\n|-damage|p2a: Glaceon|66/100|[from] item: Life Orb\n|\n|-weather|Snowscape|[upkeep]\n|upkeep\n|turn|10\n|\n|t:|1789675899\n|detailschange|p1a: Heatran|Heatran-Mega\n|-mega|p1a: Heatran|Heatran|Heatranite\n|move|p2a: Glaceon|Earth Power|p1a: Heatran\n|-heal|p1a: Heatran|100/100|[from] ability: Earth Eater|[of] p2a: Glaceon\n|move|p1a: Heatran|Stealth Rock|p2a: Glaceon\n|-sidestart|p2: Bunny Stockfish|move: Stealth Rock\n|\n|-weather|Snowscape|[upkeep]\n|upkeep\n|turn|11\n|\n|t:|1789675903\n|move|p2a: Glaceon|Earth Power|p1a: Heatran\n|-immune|p1a: Heatran|[from] ability: Earth Eater\n|move|p1a: Heatran|Magma Storm|p2a: Glaceon\n|-supereffective|p2a: Glaceon\n|-damage|p2a: Glaceon|0 fnt\n|faint|p2a: Glaceon\n|\n|-weather|Snowscape|[upkeep]\n|upkeep\n|\n|t:|1789675903\n|switch|p2a: Blissey|Blissey|100/100\n|-damage|p2a: Blissey|88/100|[from] Stealth Rock\n|turn|12\n|\n|t:|1789675908\n|move|p1a: Heatran|Toxic|p2a: Blissey|[miss]\n|-miss|p1a: Heatran|p2a: Blissey\n|move|p2a: Blissey|Calm Mind|p2a: Blissey\n|-boost|p2a: Blissey|spa|1\n|-boost|p2a: Blissey|spd|1\n|\n|-weather|none\n|-heal|p2a: Blissey|94/100|[from] item: Leftovers\n|upkeep\n|turn|13\n|\n|t:|1789675911\n|move|p1a: Heatran|Magma Storm|p2a: Blissey\n|-damage|p2a: Blissey|83/100\n|-activate|p2a: Blissey|move: Magma Storm|[of] p1a: Heatran\n|move|p2a: Blissey|Calm Mind|p2a: Blissey\n|-boost|p2a: Blissey|spa|1\n|-boost|p2a: Blissey|spd|1\n|\n|-heal|p2a: Blissey|89/100|[from] item: Leftovers\n|-damage|p2a: Blissey|77/100|[from] move: Magma Storm|[partiallytrapped]\n|upkeep\n|turn|14\n|\n|t:|1789675913\n|move|p1a: Heatran|Toxic|p2a: Blissey\n|-status|p2a: Blissey|tox\n|move|p2a: Blissey|Calm Mind|p2a: Blissey\n|-boost|p2a: Blissey|spa|1\n|-boost|p2a: Blissey|spd|1\n|\n|-heal|p2a: Blissey|83/100 tox|[from] item: Leftovers\n|-damage|p2a: Blissey|77/100 tox|[from] psn\n|-damage|p2a: Blissey|64/100 tox|[from] move: Magma Storm|[partiallytrapped]\n|upkeep\n|turn|15\n|\n|t:|1789675915\n|move|p1a: Heatran|Earth Power|p2a: Blissey\n|-damage|p2a: Blissey|60/100 tox\n|move|p2a: Blissey|Seismic Toss|p1a: Heatran\n|-damage|p1a: Heatran|75/100\n|\n|-heal|p2a: Blissey|66/100 tox|[from] item: Leftovers\n|-damage|p2a: Blissey|54/100 tox|[from] psn\n|-damage|p2a: Blissey|42/100 tox|[from] move: Magma Storm|[partiallytrapped]\n|upkeep\n|turn|16\n|\n|t:|1789675917\n|move|p1a: Heatran|Earth Power|p2a: Blissey\n|-damage|p2a: Blissey|38/100 tox\n|move|p2a: Blissey|Seismic Toss|p1a: Heatran\n|-damage|p1a: Heatran|49/100\n|\n|-heal|p2a: Blissey|44/100 tox|[from] item: Leftovers\n|-damage|p2a: Blissey|25/100 tox|[from] psn\n|-damage|p2a: Blissey|13/100 tox|[from] move: Magma Storm|[partiallytrapped]\n|upkeep\n|turn|17\n|\n|t:|1789675921\n|move|p1a: Heatran|Earth Power|p2a: Blissey\n|-damage|p2a: Blissey|9/100 tox\n|move|p2a: Blissey|Seismic Toss|p1a: Heatran\n|-damage|p1a: Heatran|23/100\n|\n|-heal|p2a: Blissey|15/100 tox|[from] item: Leftovers\n|-damage|p2a: Blissey|0 fnt|[from] psn\n|faint|p2a: Blissey\n|upkeep\n|\n|t:|1789675921\n|switch|p2a: Spiritomb|Spiritomb|100/100\n|-damage|p2a: Spiritomb|88/100|[from] Stealth Rock\n|turn|18\n|\n|t:|1789675924\n|move|p1a: Heatran|Toxic|p2a: Spiritomb\n|-status|p2a: Spiritomb|tox\n|move|p2a: Spiritomb|Soul Toll|p1a: Heatran\n|-damage|p1a: Heatran|7/100\n|\n|-heal|p2a: Spiritomb|94/100 tox|[from] item: Leftovers\n|-damage|p2a: Spiritomb|88/100 tox|[from] psn\n|upkeep\n|turn|19\n|\n|t:|1789675928\n|move|p1a: Heatran|Magma Storm|p2a: Spiritomb\n|-damage|p2a: Spiritomb|53/100 tox\n|-activate|p2a: Spiritomb|move: Magma Storm|[of] p1a: Heatran\n|move|p2a: Spiritomb|Soul Toll|p1a: Heatran\n|-damage|p1a: Heatran|0 fnt\n|faint|p1a: Heatran\n|detailschange|p1: Heatran|Heatran|[silent]\n|\n|-heal|p2a: Spiritomb|59/100 tox|[from] item: Leftovers\n|-damage|p2a: Spiritomb|46/100 tox|[from] psn\n|-end|p2a: Spiritomb|Magma Storm|[partiallytrapped]|[silent]\n|upkeep\n|\n|t:|1789675933\n|switch|p1a: Flareon|Flareon|100/100\n|-status|p1a: Flareon|brn|[from] ability: Kindled Fury|[of] p1a: Flareon\n|turn|20\n|\n|t:|1789675939\n|move|p1a: Flareon|Protect|p1a: Flareon\n|-singleturn|p1a: Flareon|Protect\n|move|p2a: Spiritomb|Soul Toll|p1a: Flareon\n|-activate|p1a: Flareon|move: Protect\n|\n|-heal|p2a: Spiritomb|53/100 tox|[from] item: Leftovers\n|-damage|p2a: Spiritomb|34/100 tox|[from] psn\n|-damage|p1a: Flareon|94/100 brn|[from] brn\n|-ability|p1a: Flareon|Kindled Fury|boost\n|-boost|p1a: Flareon|spe|1\n|upkeep\n|turn|21\n|\n|t:|1789675941\n|move|p1a: Flareon|Swords Dance|p1a: Flareon\n|-boost|p1a: Flareon|atk|2\n|move|p2a: Spiritomb|Soul Toll|p1a: Flareon\n|-damage|p1a: Flareon|31/100 brn\n|\n|-heal|p1a: Flareon|37/100 brn|[from] item: Leftovers\n|-heal|p2a: Spiritomb|40/100 tox|[from] item: Leftovers\n|-damage|p2a: Spiritomb|16/100 tox|[from] psn\n|-damage|p1a: Flareon|31/100 brn|[from] brn\n|-ability|p1a: Flareon|Kindled Fury|boost\n|-boost|p1a: Flareon|spe|1\n|upkeep\n|turn|22\n|\n|t:|1789675943\n|move|p1a: Flareon|Protect|p1a: Flareon\n|-singleturn|p1a: Flareon|Protect\n|move|p2a: Spiritomb|Soul Toll|p1a: Flareon\n|-activate|p1a: Flareon|move: Protect\n|\n|-heal|p1a: Flareon|37/100 brn|[from] item: Leftovers\n|-heal|p2a: Spiritomb|22/100 tox|[from] item: Leftovers\n|-damage|p2a: Spiritomb|0 fnt|[from] psn\n|faint|p2a: Spiritomb\n|-damage|p1a: Flareon|31/100 brn|[from] brn\n|-ability|p1a: Flareon|Kindled Fury|boost\n|-boost|p1a: Flareon|spe|1\n|upkeep\n|\n|t:|1789675943\n|switch|p2a: Sinistcha|Sinistcha-Masterpiece|100/100\n|turn|23\n|\n|t:|1789675947\n|move|p1a: Flareon|Flare Blitz|p2a: Sinistcha\n|-supereffective|p2a: Sinistcha\n|-damage|p2a: Sinistcha|0 fnt\n|faint|p2a: Sinistcha\n|-damage|p1a: Flareon|0 fnt|[from] Recoil\n|faint|p1a: Flareon\n|\n|upkeep\n|\n|t:|1789675951\n|switch|p1a: Landorus|Landorus-Therian, M|100/100\n|switch|p2a: Tinkaton|Tinkaton|60/100 brn\n|-damage|p2a: Tinkaton|54/100 brn|[from] Stealth Rock\n|-item|p2a: Tinkaton|Air Balloon\n|-ability|p1a: Landorus|Intimidate|boost\n|-unboost|p2a: Tinkaton|atk|1\n|turn|24\n|\n|t:|1789675954\n|move|p2a: Tinkaton|Gigaton Hammer|p1a: Landorus\n|-damage|p1a: Landorus|86/100\n|move|p1a: Landorus|Knock Off|p2a: Tinkaton\n|-resisted|p2a: Tinkaton\n|-damage|p2a: Tinkaton|36/100 brn\n|-enditem|p2a: Tinkaton|Air Balloon\n|-enditem|p1a: Landorus|Leftovers|[silent]|[from] ability: Pickpocket|[of] p1a: Landorus\n|-item|p2a: Tinkaton|Leftovers|[from] ability: Pickpocket|[of] p1a: Landorus\n|\n|-heal|p2a: Tinkaton|42/100 brn|[from] item: Leftovers\n|-damage|p2a: Tinkaton|36/100 brn|[from] brn\n|upkeep\n|turn|25\n|\n|t:|1789675957\n|move|p2a: Tinkaton|Crag Hammer|p1a: Landorus\n|-damage|p1a: Landorus|80/100\n|-unboost|p1a: Landorus|def|1\n|move|p1a: Landorus|Earthquake|p2a: Tinkaton\n|-supereffective|p2a: Tinkaton\n|-damage|p2a: Tinkaton|0 fnt\n|faint|p2a: Tinkaton\n|\n|win|SlimeQueenSamantha\n",
	"inputlog": ">start {\"formatid\":\"gen9rpou\",\"seed\":\"sodium,ec36988319d6e046d5ac56f7cb7d85c4\",\"rated\":\"Rated battle\"}\n>player p1 {\"name\":\"SlimeQueenSamantha\",\"avatar\":\"queen.png\",\"team\":\"Flareon||Leftovers|KindledFury|SwordsDance,FlareBlitz,Facade,Protect|Jolly|4,252,,,,252|N||||,,,,,Fire]Landorus|LandorusTherian|Leftovers|Intimidate|Uturn,Earthquake,Defog,KnockOff|Careful|248,8,,,252,|M||||,,,,,Ground]Heatran||Heatranite|FlashFire|MagmaStorm,EarthPower,Toxic,StealthRock|Calm|248,,8,,252,|N|,0,,,,|||,,,,,Fire]Vaporeon||HeavyDutyBoots|LiquidBody|Wish,FlipTurn,Protect,Toxic|Impish|252,,252,,4,|N||||,,,,,Water]Simisear||ElementalBanana|Gluttony|CinderRush,Uturn,SwordsDance,CloseCombat|Adamant|,252,,,,252|N||||,,,,,Fire]Spiritomb||Leftovers|KeystoneLegion|SoulToll,StrengthSap,PartingShot,WillOWisp|Careful|252,4,,,252,|N||||,,,,,Ghost\",\"rating\":1555}\n>player p2 {\"name\":\"Bunny Stockfish\",\"avatar\":\"bunny.png\",\"team\":\"Tinkaton||AirBalloon|Pickpocket|StealthRock,GigatonHammer,CragHammer,KnockOff|Jolly|252,,,,24,232|N||||,,,,,Ghost]Glaceon||LifeOrb|DiamondDust|FreezeDry,EarthPower,SparkScamper,Blizzard|Timid|,,,252,4,252|N||||,,,,,Ice]Simipour||ElementalBanana|TidalSurge|TorrentRush,Uturn,KnockOff,Liquidation|Jolly|,252,,,4,252|N||||,,,,,Water]Sinistcha|SinistchaMasterpiece|HeavyDutyBoots|Heatproof|CalmMind,MatchaGotcha,ShadowBall,StrengthSap|Bold|252,,252,,4,|N||||,,,,,Fairy]Spiritomb||Leftovers|KeystoneLegion|SoulToll,StrengthSap,WillOWisp,CarrionFeast|Calm|252,,4,,252,|N||||,,,,,Fairy]Blissey||Leftovers|SereneGrace|SoftBoiled,CalmMind,SeismicToss,ShadowBall|Calm|4,,252,,252,|N|,0,,,,|||,,,,,Water\",\"rating\":1411}\n>chat ☆Bunny Stockfish|Good luck! Playing on **stockfish**.\n>p1 team 5, 2, 3, 4, 1, 6\n>p2 team 3, 1, 2, 4, 6, 5\n>p1 move uturn\n>p2 move liquidation terastallize\n>p1 switch 6\n>p1 move willowisp\n>p2 move liquidation\n>p1 move soultoll\n>p2 move liquidation\n>p2 switch 2\n>p1 move willowisp\n>p2 move craghammer dynamax\n>p1 move strengthsap\n>p2 move knockoff dynamax\n>p1 move willowisp\n>p2 move gigatonhammer dynamax\n>p1 move strengthsap\n>p2 move gigatonhammer\n>p1 move soultoll\n>p2 switch 3\n>p1 switch 3\n>p2 move blizzard\n>p1 move stealthrock mega\n>p2 move earthpower\n>p1 move magmastorm\n>p2 move earthpower\n>p2 switch 5\n>p1 move toxic\n>p2 move calmmind\n>p1 move magmastorm\n>p2 move calmmind\n>p1 move toxic\n>p2 move calmmind\n>p1 move earthpower\n>p2 move seismictoss\n>p1 move earthpower\n>p2 move seismictoss\n>p1 move earthpower\n>p2 move seismictoss\n>p2 switch 6\n>p1 move toxic\n>p2 move soultoll\n>p1 move magmastorm\n>p2 move soultoll\n>p1 switch 5\n>p1 move protect\n>p2 move soultoll\n>p1 move swordsdance\n>p2 move soultoll\n>p1 move protect\n>p2 move soultoll\n>p2 switch 4\n>p1 move flareblitz\n>p2 move shadowball\n>p1 switch 2\n>p2 switch 3\n>p1 move knockoff\n>p2 move gigatonhammer\n>p1 move earthquake\n>p2 move craghammer",
	"uploadtime": 1789675957
}