{
	"id": "gen9rpou-14-tlj24k",
	"format": "[Gen 9] RP OU",
	"players": [
		"Bunny Stockfish",
		"TheRealWhimsicott"
	],
	"rating": null,
	"log": "|j|☆Bunny Stockfish\n|j|☆TheRealWhimsicott\n|t:|1789684139\n|gametype|singles\n|badge|p1|bronze|gen9rpou|3-3\n|player|p1|Bunny Stockfish|bunny.png|1332\n|player|p2|TheRealWhimsicott|1|1286\n|gen|9\n|tier|[Gen 9] RP OU\n|rated|\n|rule|HP Percentage Mod: HP is shown in percentages\n|rule|Endless Battle Clause: Forcing endless battles is banned\n|rule|Species Clause: Limit one of each Pokémon\n|rule|OHKO Clause: OHKO moves are banned\n|rule|Evasion Clause: Evasion abilities, items, and moves are banned\n|rule|Evasion Abilities Clause: Evasion abilities are banned\n|rule|Evasion Items Clause: Evasion items are banned\n|rule|Evasion Moves Clause: Evasion moves are banned\n|rule|Sleep Clause Mod: Limit one foe put to sleep\n|clearpoke\n|poke|p1|Roserade|\n|poke|p1|Spiritomb|\n|poke|p1|Togekiss|\n|poke|p1|Blissey|\n|poke|p1|Simipour|\n|poke|p1|Cresselia|\n|poke|p2|Kingambit|\n|poke|p2|Haxorus|\n|poke|p2|Pawmot|\n|poke|p2|Glaceon|\n|poke|p2|Tapu Koko|\n|poke|p2|Corviknight|\n|teampreview\n|c|☆Bunny Stockfish|Good luck! Playing on **stockfish**.\n|\n|t:|1789684156\n|teamsize|p1|6\n|teamsize|p2|6\n|start\n|switch|p1a: Simipour|Simipour|100/100\n|switch|p2a: Glaceon|Glaceon|100/100\n|-weather|RainDance|[from] ability: Tidal Surge|[of] p1a: Simipour\n|-weather|Snowscape|[from] ability: Diamond Dust|[of] p2a: Glaceon\n|turn|1\n|\n|t:|1789684164\n|-terastallize|p1a: Simipour|Water\n|-activate|p1a: Simipour|item: Elemental Banana\n|-weather|RainDance|[from] ability: Tidal Surge|[of] p1a: Simipour\n|move|p1a: Simipour|Liquidation|p2a: Glaceon\n|-damage|p2a: Glaceon|0 fnt\n|faint|p2a: Glaceon\n|\n|-weather|RainDance|[upkeep]\n|upkeep\n|\n|t:|1789684177\n|switch|p2a: Pawmot|Pawmot|100/100\n|turn|2\n|\n|t:|1789684180\n|-terastallize|p2a: Pawmot|Electric\n|move|p2a: Pawmot|Spark Scamper|p1a: Simipour\n|-supereffective|p1a: Simipour\n|-damage|p1a: Simipour|0 fnt\n|faint|p1a: Simipour\n|\n|-weather|RainDance|[upkeep]\n|upkeep\n|\n|t:|1789684181\n|switch|p1a: Roserade|Roserade|100/100\n|-ability|p1a: Roserade|Masquerade\n|-start|p2a: Pawmot|move: Taunt\n|turn|3\n|\n|t:|1789684188\n|switch|p2a: Tapu Koko|Tapu Koko|100/100\n|-fieldstart|move: Electric Terrain|[from] ability: Electric Surge|[of] p2a: Tapu Koko\n|-start|p1a: Roserade|Dynamax|\n|-heal|p1a: Roserade|100/100|[silent]\n|move|p1a: Roserade|Max Overgrowth|p2a: Tapu Koko\n|-damage|p2a: Tapu Koko|0 fnt\n|-fieldstart|move: Grassy Terrain\n|faint|p2a: Tapu Koko\n|\n|-weather|RainDance|[upkeep]\n|upkeep\n|\n|t:|1789684195\n|switch|p2a: Corviknight|Corviknight|100/100\n|-ability|p2a: Corviknight|Pressure\n|turn|4\n|\n|t:|1789684198\n|move|p2a: Corviknight|Protect|p2a: Corviknight\n|-singleturn|p2a: Corviknight|Protect\n|move|p1a: Roserade|Max Overgrowth|p2a: Corviknight\n|-resisted|p2a: Corviknight\n|-zbroken|p2a: Corviknight\n|-damage|p2a: Corviknight|96/100\n|\n|-weather|RainDance|[upkeep]\n|-heal|p2a: Corviknight|100/100|[from] item: Leftovers\n|upkeep\n|turn|5\n|\n|t:|1789684204\n|move|p1a: Roserade|Max Overgrowth|p2a: Corviknight\n|-resisted|p2a: Corviknight\n|-damage|p2a: Corviknight|81/100\n|move|p2a: Corviknight|U-turn|p1a: Roserade\n|-damage|p1a: Roserade|89/100\n|\n|t:|1789684208\n|switch|p2a: Pawmot|Pawmot, tera:Electric|100/100|[from] U-turn\n|\n|-weather|none\n|-heal|p1a: Roserade|92/100|[from] Grassy Terrain\n|upkeep\n|-end|p1a: Roserade|Dynamax\n|-heal|p1a: Roserade|92/100|[silent]\n|turn|6\n|\n|t:|1789684210\n|move|p2a: Pawmot|Double Shock|p1a: Roserade\n|-resisted|p1a: Roserade\n|-damage|p1a: Roserade|2/100\n|-start|p2a: Pawmot|typechange|Electric|[from] move: Double Shock\n|move|p1a: Roserade|Thorned Bouquet|p2a: Pawmot\n|-damage|p2a: Pawmot|0 fnt\n|-heal|p1a: Roserade|50/100|[from] drain|[of] p2a: Pawmot\n|faint|p2a: Pawmot\n|\n|-heal|p1a: Roserade|56/100|[from] Grassy Terrain\n|upkeep\n|\n|t:|1789684218\n|switch|p2a: Haxorus|Haxorus|100/100\n|-ability|p2a: Haxorus|Mold Breaker\n|turn|7\n|\n|t:|1789684220\n|switch|p1a: Togekiss|Togekiss|100/100\n|move|p2a: Haxorus|Hone Claws|p2a: Haxorus\n|-boost|p2a: Haxorus|atk|1\n|-boost|p2a: Haxorus|accuracy|1\n|\n|-fieldend|move: Grassy Terrain\n|upkeep\n|turn|8\n|\n|t:|1789684225\n|-start|p2a: Haxorus|Dynamax|\n|-heal|p2a: Haxorus|100/100|[silent]\n|move|p2a: Haxorus|Max Steelspike|p1a: Togekiss\n|-supereffective|p1a: Togekiss\n|-damage|p1a: Togekiss|0 fnt\n|-boost|p2a: Haxorus|def|1\n|faint|p1a: Togekiss\n|\n|upkeep\n|\n|t:|1789684225\n|switch|p1a: Roserade|Roserade|56/100\n|-ability|p1a: Roserade|Masquerade\n|-start|p2a: Haxorus|move: Taunt\n|turn|9\n|\n|t:|1789684236\n|move|p1a: Roserade|Sludge Bomb|p2a: Haxorus\n|-damage|p2a: Haxorus|68/100\n|move|p2a: Haxorus|Max Quake|p1a: Roserade\n|-damage|p1a: Roserade|0 fnt\n|-boost|p2a: Haxorus|spd|1\n|faint|p1a: Roserade\n|\n|upkeep\n|\n|t:|1789684236\n|switch|p1a: Blissey|Blissey|100/100\n|turn|10\n|\n|t:|1789684244\n|move|p2a: Haxorus|Max Wyrmwind|p1a: Blissey\n|-damage|p1a: Blissey|0 fnt\n|faint|p1a: Blissey\n|\n|upkeep\n|\n|t:|1789684244\n|switch|p1a: Cresselia|Cresselia|100/100\n|-end|p2a: Haxorus|Dynamax\n|-heal|p2a: Haxorus|68/100|[silent]\n|turn|11\n|\n|t:|1789684248\n|move|p2a: Haxorus|Iron Head|p1a: Cresselia\n|-damage|p1a: Cresselia|70/100\n|cant|p1a: Cresselia|flinch\n|\n|-heal|p1a: Cresselia|76/100|[from] item: Leftovers\n|upkeep\n|turn|12\n|\n|t:|1789684253\n|move|p2a: Haxorus|Iron Head|p1a: Cresselia\n|-damage|p1a: Cresselia|45/100\n|move|p1a: Cresselia|Moonblast|p2a: Haxorus\n|-supereffective|p2a: Haxorus\n|-damage|p2a: Haxorus|18/100\n|-unboost|p2a: Haxorus|spa|1\n|\n|-heal|p1a: Cresselia|51/100|[from] item: Leftovers\n|-end|p2a: Haxorus|move: Taunt\n|upkeep\n|turn|13\n|\n|t:|1789684259\n|move|p2a: Haxorus|Scale Shot|p1a: Cresselia\n|-damage|p1a: Cresselia|36/100\n|-damage|p1a: Cresselia|23/100\n|-damage|p1a: Cresselia|7/100\n|-damage|p1a: Cresselia|0 fnt\n|faint|p1a: Cresselia\n|-hitcount|p1: Cresselia|4\n|-unboost|p2a: Haxorus|def|1\n|-boost|p2a: Haxorus|spe|1\n|\n|upkeep\n|\n|t:|1789684259\n|switch|p1a: Spiritomb|Spiritomb|100/100\n|turn|14\n|\n|t:|1789684263\n|move|p2a: Haxorus|Scale Shot|p1a: Spiritomb\n|-damage|p1a: Spiritomb|82/100\n|-damage|p1a: Spiritomb|63/100\n|-damage|p1a: Spiritomb|47/100\n|-damage|p1a: Spiritomb|29/100\n|-damage|p1a: Spiritomb|13/100\n|-hitcount|p1a: Spiritomb|5\n|-unboost|p2a: Haxorus|def|1\n|-boost|p2a: Haxorus|spe|1\n|move|p1a: Spiritomb|Soul Toll|p2a: Haxorus\n|-damage|p2a: Haxorus|0 fnt\n|faint|p2a: Haxorus\n|\n|-heal|p1a: Spiritomb|19/100|[from] item: Leftovers\n|upkeep\n|\n|t:|1789684266\n|switch|p2a: Corviknight|Corviknight|81/100\n|-ability|p2a: Corviknight|Pressure\n|turn|15\n|\n|t:|1789684269\n|move|p2a: Corviknight|U-turn|p1a: Spiritomb\n|-damage|p1a: Spiritomb|8/100\n|\n|t:|1789684270\n|switch|p2a: Kingambit|Kingambit|100/100|[from] U-turn\n|-activate|p2a: Kingambit|ability: Supreme Overlord\n|-start|p2a: Kingambit|fallen4|[silent]\n|move|p1a: Spiritomb|Soul Toll|p2a: Kingambit\n|-resisted|p2a: Kingambit\n|-damage|p2a: Kingambit|86/100\n|\n|-heal|p1a: Spiritomb|14/100|[from] item: Leftovers\n|upkeep\n|turn|16\n|\n|t:|1789684272\n|move|p2a: Kingambit|Knock Off|p1a: Spiritomb\n|-ability|p1a: Spiritomb|Keystone Legion\n|-message|The spirits of the keystone shield Spiritomb!\n|-start|p2a: Kingambit|Curse|[of] p1a: Spiritomb\n|-damage|p1a: Spiritomb|1/100\n|-enditem|p1a: Spiritomb|Leftovers|[from] move: Knock Off|[of] p2a: Kingambit\n|move|p1a: Spiritomb|Soul Toll|p2a: Kingambit\n|-resisted|p2a: Kingambit\n|-damage|p2a: Kingambit|60/100\n|-heal|p1a: Spiritomb|15/100|[from] drain|[of] p2a: Kingambit\n|\n|-damage|p2a: Kingambit|35/100|[from] Curse\n|upkeep\n|turn|17\n|\n|t:|1789684275\n|move|p1a: Spiritomb|Soul Toll|p2a: Kingambit\n|-resisted|p2a: Kingambit\n|-damage|p2a: Kingambit|8/100\n|-heal|p1a: Spiritomb|29/100|[from] drain|[of] p2a: Kingambit\n|move|p2a: Kingambit|Knock Off|p1a: Spiritomb\n|-damage|p1a: Spiritomb|0 fnt\n|faint|p1a: Spiritomb\n|\n|win|TheRealWhimsicott\n",
	"inputlog": ">start {\"formatid\":\"gen9rpou\",\"seed\":\"sodium,c5e7b60286d0549825be764b26445064\",\"rated\":\"Rated battle\"}\n>player p1 {\"name\":\"Bunny Stockfish\",\"avatar\":\"bunny.png\",\"team\":\"Roserade||FocusSash|Masquerade|ThornedBouquet,SludgeBomb,Synthesis,Spikes|Timid|,,,252,4,252|N||||,,,,,Grass]Spiritomb||Leftovers|KeystoneLegion|SoulToll,StrengthSap,WillOWisp,CarrionFeast|Calm|252,,4,,252,|N||||,,,,,Fairy]Togekiss||HeavyDutyBoots|SereneGrace|AirSlash,NastyPlot,Roost,AuraSphere|Modest|252,,,252,4,|N||||,,,,,Fairy]Blissey||HeavyDutyBoots|Healer|SoftBoiled,CalmMind,SeismicToss,StealthRock|Calm|4,,252,,252,|N|,0,,,,|||,,,,,Water]Simipour||ElementalBanana|TidalSurge|TorrentRush,Uturn,FlipTurn,Liquidation|Jolly|,252,,,4,252|N||||,,,,,Water]Cresselia||Leftovers|Levitate|Psyshock,CalmMind,Moonlight,Moonblast|Modest|252,,,252,4,|N||||,,,,,Electric\",\"rating\":1332}\n>player p2 {\"name\":\"TheRealWhimsicott\",\"avatar\":\"1\",\"team\":\"Kingambit||BlackGlasses|SupremeOverlord|KnockOff,LowKick,SuckerPunch,SwordsDance|Adamant|252,252,,,4,|N||||,,,,,Dark]Haxorus||LoadedDice|MoldBreaker|HoneClaws,ScaleShot,Earthquake,IronHead|Jolly|4,252,,,,252|N||||,,,,,Steel]Pawmot||ChoiceBand|IronFist|RevivalBlessing,SparkScamper,CloseCombat,DoubleShock|Jolly|4,252,,,,252|N||||,,,,,Electric]Glaceon||ChoiceSpecs|DiamondDust|EarthPower,FreezeDry,FocusBlast,Blizzard|Modest|,,,252,4,252|N|,0,,,,|||,,,,,Ice]Tapu Koko||TerrainExtender|ElectricSurge|Uturn,Roost,Thunderbolt,DazzlingGleam|Timid|4,,,252,,252|N||||,,,,,Electric]Corviknight||Leftovers|Pressure|Roost,Uturn,Protect,Defog|Impish|252,,252,,4,|N||||,,,,,Flying\",\"rating\":1286}\n>chat ☆Bunny Stockfish|Good luck! Playing on **stockfish**.\n>p1 team 5, 1, 3, 6, 4, 2\n>p2 team 4, 2, 3, 1, 5, 6\n>p1 move liquidation terastallize\n>p2 move freezedry\n>p2 switch 3\n>p1 move liquidation\n>p2 move sparkscamper terastallize\n>p1 switch 2\n>p1 move thornedbouquet dynamax\n>p2 switch 5\n>p2 switch 6\n>p1 move thornedbouquet dynamax\n>p2 move protect\n>p1 move thornedbouquet dynamax\n>p2 move uturn\n>p2 switch 5\n>p1 move thornedbouquet\n>p2 move doubleshock\n>p2 switch 2\n>p1 switch 3\n>p2 move honeclaws\n>p1 move nastyplot\n>p2 move ironhead dynamax\n>p1 switch 3\n>p1 move sludgebomb\n>p2 move earthquake dynamax\n>p1 switch 5\n>p1 move calmmind\n>p2 move scaleshot dynamax\n>p1 switch 4\n>p1 move calmmind\n>p2 move ironhead\n>p1 move moonblast\n>p2 move ironhead\n>p1 move moonblast\n>p2 move scaleshot\n>p1 switch 6\n>p1 move soultoll\n>p2 move scaleshot\n>p2 switch 5\n>p1 move soultoll\n>p2 move uturn\n>p2 switch 4\n>p1 move soultoll\n>p2 move knockoff\n>p1 move soultoll\n>p2 move knockoff",
	"uploadtime": 1789684275
}