{
	"id": "gen9rpou-2-tlh8n0",
	"format": "[Gen 9] RP OU",
	"players": [
		"Bunny Champion",
		"SlimeQueenSamantha"
	],
	"rating": null,
	"log": "|j|☆Bunny Champion\n|j|☆SlimeQueenSamantha\n|t:|1789595877\n|gametype|singles\n|player|p1|Bunny Champion|bunny.png|1311\n|player|p2|SlimeQueenSamantha|queen.png|1127\n|gen|9\n|tier|[Gen 9] RP OU\n|rated|\n|rule|HP Percentage Mod: HP is shown in percentages\n|rule|Endless Battle Clause: Forcing endless battles is banned\n|rule|Species Clause: Limit one of each Pokémon\n|rule|OHKO Clause: OHKO moves are banned\n|rule|Evasion Clause: Evasion abilities, items, and moves are banned\n|rule|Evasion Abilities Clause: Evasion abilities are banned\n|rule|Evasion Items Clause: Evasion items are banned\n|rule|Evasion Moves Clause: Evasion moves are banned\n|rule|Sleep Clause Mod: Limit one foe put to sleep\n|clearpoke\n|poke|p1|Zamazenta-*|\n|poke|p1|Iron Hands|\n|poke|p1|Cinderace|\n|poke|p1|Garchomp|\n|poke|p1|Gholdengo|\n|poke|p1|Iron Valiant|\n|poke|p2|Espeon|\n|poke|p2|Landorus-Therian, M|\n|poke|p2|Ferrothorn|\n|poke|p2|Blissey|\n|poke|p2|Simipour|\n|poke|p2|Swampert|\n|teampreview\n|c|☆Bunny Champion|Good luck! Playing on **champion**.\n|\n|t:|1789595881\n|teamsize|p1|6\n|teamsize|p2|6\n|start\n|switch|p1a: Zamazenta|Zamazenta|100/100\n|switch|p2a: Simipour|Simipour|100/100\n|-weather|RainDance|[from] ability: Tidal Surge|[of] p2a: Simipour\n|-ability|p1a: Zamazenta|Dauntless Shield|boost\n|-boost|p1a: Zamazenta|def|1\n|turn|1\n|\n|t:|1789595883\n|move|p2a: Simipour|Flip Turn|p1a: Zamazenta\n|-damage|p1a: Zamazenta|68/100\n|\n|t:|1789595890\n|switch|p2a: Landorus|Landorus-Therian, M|100/100|[from] Flip Turn\n|-ability|p2a: Landorus|Intimidate|boost\n|-unboost|p1a: Zamazenta|atk|1\n|move|p1a: Zamazenta|Close Combat|p2a: Landorus\n|-resisted|p2a: Landorus\n|-damage|p2a: Landorus|74/100\n|-unboost|p1a: Zamazenta|def|1\n|-unboost|p1a: Zamazenta|spd|1\n|-damage|p1a: Zamazenta|58/100|[from] item: Life Orb\n|\n|-weather|RainDance|[upkeep]\n|-heal|p2a: Landorus|80/100|[from] item: Leftovers\n|upkeep\n|turn|2\n|\n|t:|1789595899\n|switch|p1a: Gholdengo|Gholdengo|100/100\n|-item|p1a: Gholdengo|Air Balloon\n|move|p2a: Landorus|Stealth Rock|p1a: Gholdengo\n|-sidestart|p1: Bunny Champion|move: Stealth Rock\n|\n|-weather|RainDance|[upkeep]\n|-heal|p2a: Landorus|86/100|[from] item: Leftovers\n|upkeep\n|turn|3\n|\n|t:|1789595905\n|-start|p1a: Gholdengo|Dynamax|\n|-heal|p1a: Gholdengo|100/100|[silent]\n|move|p1a: Gholdengo|Max Steelspike|p2a: Landorus\n|-damage|p2a: Landorus|36/100\n|-boost|p1a: Gholdengo|def|1\n|move|p2a: Landorus|Knock Off|p1a: Gholdengo\n|-supereffective|p1a: Gholdengo\n|-damage|p1a: Gholdengo|87/100\n|-enditem|p1a: Gholdengo|Air Balloon\n|\n|-weather|RainDance|[upkeep]\n|-heal|p2a: Landorus|42/100|[from] item: Leftovers\n|upkeep\n|turn|4\n|\n|t:|1789595915\n|switch|p2a: Swampert|Swampert|100/100\n|move|p1a: Gholdengo|Max Steelspike|p2a: Swampert\n|-resisted|p2a: Swampert\n|-damage|p2a: Swampert|68/100\n|-boost|p1a: Gholdengo|def|1\n|\n|-weather|RainDance|[upkeep]\n|upkeep\n|turn|5\n|\n|t:|1789595922\n|detailschange|p2a: Swampert|Swampert-Mega\n|-mega|p2a: Swampert|Swampert|Swampertite\n|move|p2a: Swampert|Earthquake|p1a: Gholdengo\n|-supereffective|p1a: Gholdengo\n|-damage|p1a: Gholdengo|66/100\n|move|p1a: Gholdengo|Max Phantasm|p2a: Swampert\n|-damage|p2a: Swampert|23/100\n|-unboost|p2a: Swampert|def|1\n|\n|-weather|none\n|upkeep\n|-end|p1a: Gholdengo|Dynamax\n|-heal|p1a: Gholdengo|66/100|[silent]\n|turn|6\n|\n|t:|1789595929\n|move|p2a: Swampert|Earthquake|p1a: Gholdengo\n|-supereffective|p1a: Gholdengo\n|-damage|p1a: Gholdengo|18/100\n|move|p1a: Gholdengo|Hex|p2a: Swampert\n|-damage|p2a: Swampert|0 fnt\n|faint|p2a: Swampert\n|detailschange|p2: Swampert|Swampert|[silent]\n|\n|upkeep\n|\n|t:|1789595933\n|switch|p2a: Simipour|Simipour|100/100\n|-weather|RainDance|[from] ability: Tidal Surge|[of] p2a: Simipour\n|turn|7\n|\n|t:|1789595936\n|switch|p1a: Iron Hands|Iron Hands|100/100\n|-damage|p1a: Iron Hands|94/100|[from] Stealth Rock\n|move|p2a: Simipour|Torrent Rush|p1a: Iron Hands\n|-damage|p1a: Iron Hands|49/100\n|\n|-weather|RainDance|[upkeep]\n|upkeep\n|turn|8\n|\n|t:|1789595943\n|-terastallize|p2a: Simipour|Water\n|-activate|p2a: Simipour|item: Elemental Banana\n|move|p2a: Simipour|Torrent Rush|p1a: Iron Hands\n|-damage|p1a: Iron Hands|0 fnt\n|faint|p1a: Iron Hands\n|-end|p1a: Iron Hands|Quark Drive|[silent]\n|\n|-weather|RainDance|[upkeep]\n|upkeep\n|\n|t:|1789595943\n|switch|p1a: Zamazenta|Zamazenta|58/100\n|-damage|p1a: Zamazenta|52/100|[from] Stealth Rock\n|turn|9\n|\n|t:|1789595951\n|move|p2a: Simipour|Torrent Rush|p1a: Zamazenta\n|-damage|p1a: Zamazenta|0 fnt\n|faint|p1a: Zamazenta\n|\n|-weather|RainDance|[upkeep]\n|upkeep\n|\n|t:|1789595951\n|switch|p1a: Iron Valiant|Iron Valiant|100/100\n|-damage|p1a: Iron Valiant|94/100|[from] Stealth Rock\n|-enditem|p1a: Iron Valiant|Booster Energy\n|-activate|p1a: Iron Valiant|ability: Quark Drive|[fromitem]\n|-start|p1a: Iron Valiant|quarkdrivespe\n|turn|10\n|\n|t:|1789595956\n|move|p2a: Simipour|Torrent Rush|p1a: Iron Valiant\n|-damage|p1a: Iron Valiant|0 fnt\n|faint|p1a: Iron Valiant\n|-end|p1a: Iron Valiant|Quark Drive|[silent]\n|\n|-weather|RainDance|[upkeep]\n|upkeep\n|\n|t:|1789595956\n|switch|p1a: Cinderace|Cinderace|100/100\n|turn|11\n|\n|t:|1789595958\n|move|p2a: Simipour|Torrent Rush|p1a: Cinderace\n|-supereffective|p1a: Cinderace\n|-damage|p1a: Cinderace|0 fnt\n|faint|p1a: Cinderace\n|\n|-weather|none\n|upkeep\n|\n|t:|1789595958\n|switch|p1a: Garchomp|Garchomp|100/100\n|-damage|p1a: Garchomp|94/100|[from] Stealth Rock\n|turn|12\n|\n|t:|1789595964\n|switch|p2a: Landorus|Landorus-Therian, M|42/100\n|-ability|p2a: Landorus|Intimidate|boost\n|-unboost|p1a: Garchomp|atk|1\n|move|p1a: Garchomp|Swords Dance|p1a: Garchomp\n|-boost|p1a: Garchomp|atk|2\n|\n|-heal|p2a: Landorus|48/100|[from] item: Leftovers\n|upkeep\n|turn|13\n|\n|t:|1789595967\n|move|p1a: Garchomp|Swords Dance|p1a: Garchomp\n|-boost|p1a: Garchomp|atk|2\n|move|p2a: Landorus|U-turn|p1a: Garchomp\n|-damage|p1a: Garchomp|72/100\n|-damage|p2a: Landorus|36/100|[from] ability: Rough Skin|[of] p1a: Garchomp\n|\n|t:|1789595970\n|switch|p2a: Simipour|Simipour, tera:Water|100/100|[from] U-turn\n|-weather|RainDance|[from] ability: Tidal Surge|[of] p2a: Simipour\n|\n|-weather|RainDance|[upkeep]\n|upkeep\n|turn|14\n|\n|t:|1789595971\n|move|p2a: Simipour|Torrent Rush|p1a: Garchomp\n|-damage|p1a: Garchomp|0 fnt\n|-damage|p2a: Simipour|88/100|[from] ability: Rough Skin|[of] p1a: Garchomp\n|faint|p1a: Garchomp\n|\n|-weather|RainDance|[upkeep]\n|upkeep\n|\n|t:|1789595971\n|switch|p1a: Gholdengo|Gholdengo|18/100\n|-damage|p1a: Gholdengo|12/100|[from] Stealth Rock\n|turn|15\n|\n|t:|1789595973\n|move|p2a: Simipour|Torrent Rush|p1a: Gholdengo\n|-damage|p1a: Gholdengo|0 fnt\n|faint|p1a: Gholdengo\n|\n|win|SlimeQueenSamantha\n",
	"inputlog": ">start {\"formatid\":\"gen9rpou\",\"seed\":\"sodium,c919ed7156b9e926f705d97574b3f957\",\"rated\":\"Rated battle\"}\n>player p1 {\"name\":\"Bunny Champion\",\"avatar\":\"bunny.png\",\"team\":\"Zamazenta||LifeOrb|DauntlessShield|CloseCombat,Crunch,HeavySlam,StoneEdge|Jolly|,252,,,4,252|N||||,,,,,Steel]Iron Hands||ShucaBerry|QuarkDrive|SwordsDance,CloseCombat,SupercellSlam,IcePunch|Adamant|,252,,,172,84|N||||,,,,,Fire]Cinderace||HeavyDutyBoots|Libero|PyroBall,Uturn,CourtChange,HighJumpKick|Jolly|,252,,,4,252|N||||,,,G,,Fire]Garchomp||LoadedDice|RoughSkin|SwordsDance,ScaleShot,Earthquake,DragonTail|Jolly|,252,,,4,252|N||||,,,,,Ghost]Gholdengo||AirBalloon|GoodasGold|Hex,ThunderWave,Recover,MakeItRain|Bold|252,,196,,,60|N||||,,,,,Fairy]Iron Valiant||BoosterEnergy|QuarkDrive|SwordsDance,CloseCombat,KnockOff,SpiritBreak|Jolly|,252,4,,,252|N||||,,,,,Dark\",\"rating\":1311}\n>player p2 {\"name\":\"SlimeQueenSamantha\",\"avatar\":\"queen.png\",\"team\":\"Espeon||LifeOrb|Prescience|CalmMind,AlluringVoice,Psyshock,GrassKnot|Timid|,,,252,4,252|N|,0,,,,|||,,,,,Psychic]Landorus|LandorusTherian|Leftovers|Intimidate|Earthquake,Uturn,StealthRock,KnockOff|Careful|248,8,,,252,|M||||,,,,,Ground]Ferrothorn||Leftovers|IronBarbs|Spikes,GyroBall,Protect,LeechSeed|Impish|248,8,84,,168,|N|,,,,,0|||,,,,,Grass]Blissey||HeavyDutyBoots|NaturalCure|SoftBoiled,Toxic,SeismicToss,Teleport|Bold|252,,252,,4,|N|,0,,,,|||,,,,,Normal]Simipour||ElementalBanana|TidalSurge|TorrentRush,SwordsDance,ThunderPunch,FlipTurn|Jolly|4,252,,,,252|N||||,,,,,Water]Swampert||Swampertite|Torrent|Earthquake,Waterfall,FlipTurn,IcePunch|Adamant|4,252,,,,252|N||||,,,,,Water\",\"rating\":1127}\n>chat ☆Bunny Champion|Good luck! Playing on **champion**.\n>p1 team 1, 3, 6, 4, 5, 2\n>p2 team 5, 2, 3, 4, 1, 6\n>p1 move closecombat\n>p2 move flipturn\n>p2 switch 2\n>p1 switch 5\n>p2 move stealthrock\n>p1 move makeitrain dynamax\n>p2 move knockoff\n>p1 move makeitrain dynamax\n>p2 switch 6\n>p1 move hex dynamax\n>p2 move earthquake mega\n>p1 move hex\n>p2 move earthquake\n>p2 switch 2\n>p1 switch 6\n>p2 move torrentrush\n>p1 move supercellslam\n>p2 move torrentrush terastallize\n>p1 switch 5\n>p1 move closecombat\n>p2 move torrentrush\n>p1 switch 3\n>p1 move swordsdance\n>p2 move torrentrush\n>p1 switch 2\n>p1 move highjumpkick\n>p2 move torrentrush\n>p1 switch 4\n>p1 move swordsdance\n>p2 switch 6\n>p1 move swordsdance\n>p2 move uturn\n>p2 switch 6\n>p1 move earthquake\n>p2 move torrentrush\n>p1 switch 6\n>p1 move recover\n>p2 move torrentrush",
	"uploadtime": 1789595973
}