{
	"id": "gen9rpou-5-tliry4",
	"format": "[Gen 9] RP OU",
	"players": [
		"Bunny Stockfish",
		"SlimeQueenSamantha"
	],
	"rating": null,
	"log": "|j|☆Bunny Stockfish\n|j|☆SlimeQueenSamantha\n|t:|1789668165\n|gametype|singles\n|player|p1|Bunny Stockfish|bunny.png|1332\n|player|p2|SlimeQueenSamantha|queen.png|1482\n|gen|9\n|tier|[Gen 9] RP OU\n|rated|\n|rule|HP Percentage Mod: HP is shown in percentages\n|rule|Endless Battle Clause: Forcing endless battles is banned\n|rule|Species Clause: Limit one of each Pokémon\n|rule|OHKO Clause: OHKO moves are banned\n|rule|Evasion Clause: Evasion abilities, items, and moves are banned\n|rule|Evasion Abilities Clause: Evasion abilities are banned\n|rule|Evasion Items Clause: Evasion items are banned\n|rule|Evasion Moves Clause: Evasion moves are banned\n|rule|Sleep Clause Mod: Limit one foe put to sleep\n|clearpoke\n|poke|p1|Walking Wake|\n|poke|p1|Clefable|\n|poke|p1|Great Tusk|\n|poke|p1|Kingambit|\n|poke|p1|Clodsire|\n|poke|p1|Corviknight|\n|poke|p2|Spiritomb|\n|poke|p2|Glaceon|\n|poke|p2|Garchomp|\n|poke|p2|Roserade|\n|poke|p2|Togekiss|\n|poke|p2|Lucario|\n|teampreview\n|c|☆Bunny Stockfish|Good luck! Playing on **stockfish**.\n|\n|t:|1789668172\n|teamsize|p1|6\n|teamsize|p2|6\n|start\n|switch|p1a: Clefable|Clefable|100/100\n|switch|p2a: Garchomp|Garchomp|100/100\n|turn|1\n|\n|t:|1789668174\n|detailschange|p1a: Clefable|Clefable-Mega\n|-mega|p1a: Clefable|Clefable|Clefablite\n|move|p2a: Garchomp|Stealth Rock|p1a: Clefable\n|move|p1a: Clefable|Stealth Rock|p2a: Garchomp|[from] ability: Magic Bounce\n|-sidestart|p2: SlimeQueenSamantha|move: Stealth Rock\n|move|p1a: Clefable|Moonblast|p2a: Garchomp\n|-supereffective|p2a: Garchomp\n|-damage|p2a: Garchomp|23/100\n|-unboost|p2a: Garchomp|spa|1\n|\n|upkeep\n|turn|2\n|\n|t:|1789668189\n|switch|p2a: Glaceon|Glaceon|100/100\n|-damage|p2a: Glaceon|76/100|[from] Stealth Rock\n|-weather|Snowscape|[from] ability: Diamond Dust|[of] p2a: Glaceon\n|move|p1a: Clefable|Moonblast|p2a: Glaceon\n|-damage|p2a: Glaceon|20/100\n|\n|-weather|Snowscape|[upkeep]\n|upkeep\n|turn|3\n|\n|t:|1789668191\n|move|p2a: Glaceon|Blizzard|p1a: Clefable\n|-supereffective|p1a: Clefable\n|-damage|p1a: Clefable|0 fnt\n|faint|p1a: Clefable\n|detailschange|p1: Clefable|Clefable|[silent]\n|-damage|p2a: Glaceon|10/100|[from] item: Life Orb\n|\n|-weather|Snowscape|[upkeep]\n|upkeep\n|\n|t:|1789668191\n|switch|p1a: Walking Wake|Walking Wake|100/100\n|turn|4\n|\n|t:|1789668193\n|-start|p1a: Walking Wake|Dynamax|\n|-heal|p1a: Walking Wake|100/100|[silent]\n|move|p2a: Glaceon|Freeze-Dry|p1a: Walking Wake\n|-supereffective|p1a: Walking Wake\n|-damage|p1a: Walking Wake|0 fnt\n|faint|p1a: Walking Wake\n|-end|p1a: Walking Wake|Protosynthesis|[silent]\n|-damage|p2a: Glaceon|0 fnt|[from] item: Life Orb\n|faint|p2a: Glaceon\n|\n|-weather|Snowscape|[upkeep]\n|upkeep\n|\n|t:|1789668202\n|switch|p1a: Great Tusk|Great Tusk|100/100\n|switch|p2a: Garchomp|Garchomp|23/100\n|-damage|p2a: Garchomp|17/100|[from] Stealth Rock\n|-enditem|p1a: Great Tusk|Booster Energy\n|-activate|p1a: Great Tusk|ability: Protosynthesis|[fromitem]\n|-start|p1a: Great Tusk|protosynthesisspe\n|turn|5\n|\n|t:|1789668203\n|move|p1a: Great Tusk|Ice Spinner|p2a: Garchomp\n|-supereffective|p2a: Garchomp\n|-damage|p2a: Garchomp|0 fnt\n|-damage|p1a: Great Tusk|88/100|[from] ability: Rough Skin|[of] p2a: Garchomp\n|-damage|p1a: Great Tusk|71/100|[from] item: Rocky Helmet|[of] p2a: Garchomp\n|faint|p2a: Garchomp\n|\n|-weather|Snowscape|[upkeep]\n|upkeep\n|\n|t:|1789668206\n|switch|p2a: Togekiss|Togekiss|100/100\n|-damage|p2a: Togekiss|76/100|[from] Stealth Rock\n|turn|6\n|\n|t:|1789668209\n|-end|p1a: Great Tusk|Protosynthesis|[silent]\n|switch|p1a: Corviknight|Corviknight|100/100\n|move|p2a: Togekiss|Alluring Voice|p1a: Corviknight\n|-resisted|p1a: Corviknight\n|-damage|p1a: Corviknight|82/100\n|\n|-weather|none\n|-heal|p1a: Corviknight|88/100|[from] item: Leftovers\n|upkeep\n|turn|7\n|\n|t:|1789668213\n|switch|p2a: Roserade|Roserade|100/100\n|-ability|p2a: Roserade|Masquerade\n|-start|p1a: Corviknight|move: Taunt\n|cant|p1a: Corviknight|move: Taunt|Iron Defense\n|\n|-heal|p1a: Corviknight|94/100|[from] item: Leftovers\n|upkeep\n|turn|8\n|\n|t:|1789668217\n|move|p2a: Roserade|Nasty Plot|p2a: Roserade\n|-boost|p2a: Roserade|spa|2\n|move|p1a: Corviknight|U-turn|p2a: Roserade\n|-damage|p2a: Roserade|78/100\n|\n|t:|1789668217\n|switch|p1a: Clodsire|Clodsire|100/100|[from] U-turn\n|\n|upkeep\n|turn|9\n|\n|t:|1789668223\n|move|p2a: Roserade|Thorned Bouquet|p1a: Clodsire\n|-damage|p1a: Clodsire|77/100\n|-heal|p2a: Roserade|96/100|[from] drain|[of] p1a: Clodsire\n|move|p1a: Clodsire|Earthquake|p2a: Roserade\n|-damage|p2a: Roserade|55/100\n|\n|upkeep\n|turn|10\n|\n|t:|1789668230\n|-start|p2a: Roserade|Dynamax|\n|-heal|p2a: Roserade|55/100|[silent]\n|move|p2a: Roserade|Max Overgrowth|p1a: Clodsire\n|-damage|p1a: Clodsire|42/100\n|-fieldstart|move: Grassy Terrain\n|move|p1a: Clodsire|Earthquake|p2a: Roserade\n|-damage|p2a: Roserade|43/100\n|\n|-heal|p2a: Roserade|46/100|[from] Grassy Terrain\n|-heal|p1a: Clodsire|48/100|[from] Grassy Terrain\n|upkeep\n|turn|11\n|\n|t:|1789668240\n|move|p2a: Roserade|Max Overgrowth|p1a: Clodsire\n|-damage|p1a: Clodsire|0 fnt\n|faint|p1a: Clodsire\n|\n|-heal|p2a: Roserade|49/100|[from] Grassy Terrain\n|upkeep\n|\n|t:|1789668240\n|switch|p1a: Kingambit|Kingambit|100/100\n|-activate|p1a: Kingambit|ability: Supreme Overlord\n|-start|p1a: Kingambit|fallen3|[silent]\n|turn|12\n|\n|t:|1789668243\n|move|p2a: Roserade|Max Ooze|p1a: Kingambit\n|-immune|p1a: Kingambit\n|move|p1a: Kingambit|Kowtow Cleave|p2a: Roserade\n|-damage|p2a: Roserade|0 fnt\n|faint|p2a: Roserade\n|\n|upkeep\n|\n|t:|1789668248\n|switch|p2a: Togekiss|Togekiss|76/100\n|-damage|p2a: Togekiss|51/100|[from] Stealth Rock\n|turn|13\n|\n|t:|1789668250\n|move|p2a: Togekiss|Flamethrower|p1a: Kingambit\n|-supereffective|p1a: Kingambit\n|-damage|p1a: Kingambit|40/100\n|move|p1a: Kingambit|Swords Dance|p1a: Kingambit\n|-boost|p1a: Kingambit|atk|2\n|\n|-heal|p1a: Kingambit|46/100|[from] Grassy Terrain\n|upkeep\n|turn|14\n|\n|t:|1789668253\n|-terastallize|p1a: Kingambit|Fire\n|move|p1a: Kingambit|Sucker Punch|p2a: Togekiss\n|-resisted|p2a: Togekiss\n|-damage|p2a: Togekiss|0 fnt\n|faint|p2a: Togekiss\n|\n|-heal|p1a: Kingambit|52/100|[from] Grassy Terrain\n|-fieldend|move: Grassy Terrain\n|upkeep\n|\n|t:|1789668258\n|switch|p2a: Spiritomb|Spiritomb|100/100\n|-damage|p2a: Spiritomb|88/100|[from] Stealth Rock\n|turn|15\n|\n|t:|1789668262\n|-end|p1a: Kingambit|fallen3|[silent]\n|switch|p1a: Great Tusk|Great Tusk|71/100\n|-terastallize|p2a: Spiritomb|Fairy\n|move|p2a: Spiritomb|Strength Sap|p1a: Great Tusk\n|-unboost|p1a: Great Tusk|atk|1\n|-heal|p2a: Spiritomb|100/100\n|\n|upkeep\n|turn|16\n|\n|t:|1789668265\n|move|p1a: Great Tusk|Bulk Up|p1a: Great Tusk\n|-boost|p1a: Great Tusk|atk|1\n|-boost|p1a: Great Tusk|def|1\n|move|p2a: Spiritomb|Will-O-Wisp|p1a: Great Tusk\n|-status|p1a: Great Tusk|brn\n|\n|-damage|p1a: Great Tusk|65/100 brn|[from] brn\n|upkeep\n|turn|17\n|\n|t:|1789668267\n|move|p1a: Great Tusk|Bulk Up|p1a: Great Tusk\n|-boost|p1a: Great Tusk|atk|1\n|-boost|p1a: Great Tusk|def|1\n|move|p2a: Spiritomb|Strength Sap|p1a: Great Tusk\n|-unboost|p1a: Great Tusk|atk|1\n|\n|-damage|p1a: Great Tusk|59/100 brn|[from] brn\n|upkeep\n|turn|18\n|\n|t:|1789668269\n|move|p1a: Great Tusk|Bulk Up|p1a: Great Tusk\n|-boost|p1a: Great Tusk|atk|1\n|-boost|p1a: Great Tusk|def|1\n|move|p2a: Spiritomb|Strength Sap|p1a: Great Tusk\n|-unboost|p1a: Great Tusk|atk|1\n|\n|-damage|p1a: Great Tusk|53/100 brn|[from] brn\n|upkeep\n|turn|19\n|\n|t:|1789668271\n|move|p1a: Great Tusk|Bulk Up|p1a: Great Tusk\n|-boost|p1a: Great Tusk|atk|1\n|-boost|p1a: Great Tusk|def|1\n|move|p2a: Spiritomb|Strength Sap|p1a: Great Tusk\n|-unboost|p1a: Great Tusk|atk|1\n|\n|-damage|p1a: Great Tusk|47/100 brn|[from] brn\n|upkeep\n|turn|20\n|\n|t:|1789668273\n|move|p1a: Great Tusk|Bulk Up|p1a: Great Tusk\n|-boost|p1a: Great Tusk|atk|1\n|-boost|p1a: Great Tusk|def|1\n|move|p2a: Spiritomb|Soul Toll|p1a: Great Tusk\n|-damage|p1a: Great Tusk|0 fnt\n|faint|p1a: Great Tusk\n|-end|p1a: Great Tusk|Protosynthesis|[silent]\n|\n|upkeep\n|\n|t:|1789668273\n|switch|p1a: Kingambit|Kingambit, tera:Fire|52/100\n|-activate|p1a: Kingambit|ability: Supreme Overlord\n|-start|p1a: Kingambit|fallen4|[silent]\n|turn|21\n|\n|t:|1789668281\n|move|p1a: Kingambit|Kowtow Cleave|p2a: Spiritomb\n|-resisted|p2a: Spiritomb\n|-damage|p2a: Spiritomb|73/100\n|move|p2a: Spiritomb|Parting Shot|p1a: Kingambit\n|-unboost|p1a: Kingambit|atk|1\n|-unboost|p1a: Kingambit|spa|1\n|\n|t:|1789668283\n|switch|p2a: Lucario|Lucario|100/100|[from] Parting Shot\n|-damage|p2a: Lucario|98/100|[from] Stealth Rock\n|\n|upkeep\n|turn|22\n|\n|t:|1789668287\n|detailschange|p2a: Lucario|Lucario-Mega-Z\n|-mega|p2a: Lucario|Lucario|Lucarionite Z\n|move|p1a: Kingambit|Sucker Punch|p2a: Lucario\n|-resisted|p2a: Lucario\n|-damage|p2a: Lucario|83/100\n|move|p2a: Lucario|Aura Sphere|p1a: Kingambit\n|-damage|p1a: Kingambit|5/100\n|\n|upkeep\n|turn|23\n|\n|t:|1789668294\n|move|p1a: Kingambit|Sucker Punch|p2a: Lucario\n|-resisted|p2a: Lucario\n|-damage|p2a: Lucario|67/100\n|move|p2a: Lucario|Aura Sphere|p1a: Kingambit\n|-damage|p1a: Kingambit|0 fnt\n|faint|p1a: Kingambit\n|-end|p1a: Kingambit|fallen4|[silent]\n|\n|upkeep\n|\n|t:|1789668294\n|switch|p1a: Corviknight|Corviknight|94/100\n|turn|24\n|\n|t:|1789668298\n|move|p2a: Lucario|Aura Sphere|p1a: Corviknight\n|-crit|p1a: Corviknight\n|-damage|p1a: Corviknight|27/100\n|move|p1a: Corviknight|Body Press|p2a: Lucario\n|-supereffective|p2a: Lucario\n|-damage|p2a: Lucario|23/100\n|\n|-heal|p1a: Corviknight|33/100|[from] item: Leftovers\n|upkeep\n|turn|25\n|\n|t:|1789668300\n|move|p2a: Lucario|Aura Sphere|p1a: Corviknight\n|-damage|p1a: Corviknight|0 fnt\n|faint|p1a: Corviknight\n|\n|win|SlimeQueenSamantha\n",
	"inputlog": ">start {\"formatid\":\"gen9rpou\",\"seed\":\"sodium,6fc36bfbe5b06ae70cd24044974143ba\",\"rated\":\"Rated battle\"}\n>player p1 {\"name\":\"Bunny Stockfish\",\"avatar\":\"bunny.png\",\"team\":\"Walking Wake||ChoiceSpecs|Protosynthesis|HydroSteam,DracoMeteor,Flamethrower,FlipTurn|Modest|12,,,244,,252|N||||,,,,,Fairy]Clefable||Clefablite|MagicGuard|CalmMind,Moonblast,Moonlight,KnockOff|Bold|252,,252,,4,|N|,0,,,,|||,,,,,Water]Great Tusk||BoosterEnergy|Protosynthesis|BulkUp,HeadlongRush,IceSpinner,Taunt|Jolly|252,4,,,,252|N||||,,,,,Ghost]Kingambit||LumBerry|SupremeOverlord|SwordsDance,SuckerPunch,KowtowCleave,CarrionFeast|Adamant|252,252,,,4,|N||||,,,,,Fire]Clodsire||HeavyDutyBoots|Unaware|Earthquake,Recover,PoisonJab,Spikes|Careful|248,,8,,252,|N||||,,,,,Dark]Corviknight||Leftovers|MirrorArmor|BodyPress,IronDefense,Uturn,Roost|Impish|248,,252,,8,|N||||,,,G,,Water\",\"rating\":1332}\n>player p2 {\"name\":\"SlimeQueenSamantha\",\"avatar\":\"queen.png\",\"team\":\"Spiritomb||Leftovers|KeystoneLegion|SoulToll,StrengthSap,PartingShot,WillOWisp|Calm|252,,4,,252,|N||||,,,,,Fairy]Glaceon||LifeOrb|DiamondDust|Blizzard,FreezeDry,AuroraVeil,EarthPower|Modest|,,4,252,,252|N|,0,,,,|||,,,,,Ice]Garchomp||RockyHelmet|RoughSkin|Earthquake,DragonTail,StealthRock,Spikes|Impish|252,,216,,,40|N||||,,,,,Ghost]Roserade||HeavyDutyBoots|Masquerade|ThornedBouquet,Oxidize,NastyPlot,MortalSpin|Timid|,,,252,4,252|N||||,,,,,Water]Togekiss||ChoiceScarf|SereneGrace|AirSlash,Uturn,AlluringVoice,Flamethrower|Timid|,,,252,4,252|N||||,,,,,Flying]Lucario||LucarioniteZ|Steadfast|NastyPlot,AuraSphere,FlashCannon,HiddenPowerIce|Timid|,,,252,,252|N|,0,,,,|||,Ice,,,,Ghost\",\"rating\":1482}\n>chat ☆Bunny Stockfish|Good luck! Playing on **stockfish**.\n>p1 team 2, 1, 3, 6, 4, 5\n>p2 team 3, 2, 1, 4, 5, 6\n>p1 move moonblast mega\n>p2 move stealthrock\n>p1 move moonblast\n>p2 switch 2\n>p1 move moonblast\n>p2 move blizzard\n>p1 switch 2\n>p1 move dracometeor dynamax\n>p2 move freezedry\n>p1 switch 3\n>p2 switch 2\n>p1 move icespinner\n>p2 move stealthrock\n>p2 switch 5\n>p1 switch 4\n>p2 move alluringvoice\n>p1 move irondefense\n>p2 switch 4\n>p1 move uturn\n>p2 move nastyplot\n>p1 switch 6\n>p1 move earthquake\n>p2 move thornedbouquet\n>p1 move earthquake\n>p2 move thornedbouquet dynamax\n>p1 move earthquake\n>p2 move thornedbouquet dynamax\n>p1 switch 5\n>p1 move kowtowcleave\n>p2 move oxidize dynamax\n>p2 switch 4\n>p1 move swordsdance\n>p2 move flamethrower\n>p1 move suckerpunch terastallize\n>p2 move flamethrower\n>p2 switch 3\n>p1 switch 4\n>p2 move strengthsap terastallize\n>p1 move bulkup\n>p2 move willowisp\n>p1 move bulkup\n>p2 move strengthsap\n>p1 move bulkup\n>p2 move strengthsap\n>p1 move bulkup\n>p2 move strengthsap\n>p1 move bulkup\n>p2 move soultoll\n>p1 switch 4\n>p1 move kowtowcleave\n>p2 move partingshot\n>p2 switch 6\n>p1 move suckerpunch\n>p2 move aurasphere mega\n>p1 move suckerpunch\n>p2 move aurasphere\n>p1 switch 6\n>p1 move bodypress\n>p2 move aurasphere\n>p1 move bodypress\n>p2 move aurasphere",
	"uploadtime": 1789668300
}