{
	"id": "gen9rpou-3-tm5heg",
	"format": "[Gen 9] RP OU",
	"players": [
		"Bunny Stockfish",
		"SlimeQueenSamantha"
	],
	"rating": null,
	"log": "|j|☆Bunny Stockfish\n|j|☆SlimeQueenSamantha\n|t:|1790729972\n|gametype|singles\n|badge|p1|bronze|gen9rpou|3-3\n|badge|p2|silver|gen9rpou|2-2\n|player|p1|Bunny Stockfish|bunny.png|1391\n|player|p2|SlimeQueenSamantha|queen.png|1403\n|gen|9\n|tier|[Gen 9] RP OU\n|rated|\n|rule|HP Percentage Mod: HP is shown in percentages\n|rule|Endless Battle Clause: Forcing endless battles is banned\n|rule|Species Clause: Limit one of each Pokémon\n|rule|OHKO Clause: OHKO moves are banned\n|rule|Evasion Clause: Evasion abilities, items, and moves are banned\n|rule|Evasion Abilities Clause: Evasion abilities are banned\n|rule|Evasion Items Clause: Evasion items are banned\n|rule|Evasion Moves Clause: Evasion moves are banned\n|rule|Sleep Clause Mod: Limit one foe put to sleep\n|clearpoke\n|poke|p1|Deoxys-Speed|\n|poke|p1|Samurott-Hisui|\n|poke|p1|Gyarados|\n|poke|p1|Regieleki|\n|poke|p1|Kingambit|\n|poke|p1|Roserade|\n|poke|p2|Lugia|\n|poke|p2|Blissey, F|\n|poke|p2|Registeel|\n|poke|p2|Umbreon|\n|poke|p2|Spiritomb|\n|poke|p2|Clodsire|\n|teampreview\n|c|☆Bunny Stockfish|Good luck! Playing on **stockfish**.\n|\n|t:|1790729983\n|teamsize|p1|6\n|teamsize|p2|6\n|start\n|switch|p1a: Deoxys|Deoxys-Speed|100/100\n|switch|p2a: Registeel|Registeel|100/100\n|-ability|p1a: Deoxys|Pressure\n|turn|1\n|\n|t:|1790729986\n|move|p1a: Deoxys|Stealth Rock|p2a: Registeel\n|-sidestart|p2: SlimeQueenSamantha|move: Stealth Rock\n|move|p2a: Registeel|Amnesia|p2a: Registeel\n|-boost|p2a: Registeel|spd|2\n|\n|upkeep\n|turn|2\n|\n|t:|1790729988\n|-terastallize|p1a: Deoxys|Fighting\n|move|p1a: Deoxys|Superpower|p2a: Registeel\n|-supereffective|p2a: Registeel\n|-damage|p2a: Registeel|35/100\n|-unboost|p1a: Deoxys|atk|1\n|-unboost|p1a: Deoxys|def|1\n|move|p2a: Registeel|Iron Defense|p2a: Registeel\n|-boost|p2a: Registeel|def|2\n|\n|-heal|p2a: Registeel|41/100|[from] item: Leftovers\n|upkeep\n|turn|3\n|\n|t:|1790729993\n|switch|p1a: Gyarados|Gyarados|100/100\n|-ability|p1a: Gyarados|Intimidate|boost\n|-unboost|p2a: Registeel|atk|1\n|move|p2a: Registeel|Slack Off|p2a: Registeel\n|-heal|p2a: Registeel|91/100\n|\n|-heal|p2a: Registeel|97/100|[from] item: Leftovers\n|upkeep\n|turn|4\n|\n|t:|1790729996\n|move|p1a: Gyarados|Earthquake|p2a: Registeel\n|-supereffective|p2a: Registeel\n|-damage|p2a: Registeel|70/100\n|move|p2a: Registeel|Iron Defense|p2a: Registeel\n|-boost|p2a: Registeel|def|2\n|\n|-heal|p2a: Registeel|76/100|[from] item: Leftovers\n|upkeep\n|turn|5\n|\n|t:|1790729998\n|move|p1a: Gyarados|Earthquake|p2a: Registeel\n|-supereffective|p2a: Registeel\n|-damage|p2a: Registeel|61/100\n|move|p2a: Registeel|Iron Defense|p2a: Registeel\n|-boost|p2a: Registeel|def|2\n|\n|-heal|p2a: Registeel|67/100|[from] item: Leftovers\n|upkeep\n|turn|6\n|\n|t:|1790730000\n|move|p1a: Gyarados|Earthquake|p2a: Registeel\n|-supereffective|p2a: Registeel\n|-damage|p2a: Registeel|54/100\n|move|p2a: Registeel|Amnesia|p2a: Registeel\n|-boost|p2a: Registeel|spd|2\n|\n|-heal|p2a: Registeel|60/100|[from] item: Leftovers\n|upkeep\n|turn|7\n|\n|t:|1790730003\n|move|p1a: Gyarados|Earthquake|p2a: Registeel\n|-supereffective|p2a: Registeel\n|-damage|p2a: Registeel|47/100\n|move|p2a: Registeel|Amnesia|p2a: Registeel\n|-boost|p2a: Registeel|spd|2\n|\n|-heal|p2a: Registeel|53/100|[from] item: Leftovers\n|upkeep\n|turn|8\n|\n|t:|1790730004\n|move|p1a: Gyarados|Earthquake|p2a: Registeel\n|-supereffective|p2a: Registeel\n|-damage|p2a: Registeel|41/100\n|move|p2a: Registeel|Slack Off|p2a: Registeel\n|-heal|p2a: Registeel|91/100\n|\n|-heal|p2a: Registeel|97/100|[from] item: Leftovers\n|upkeep\n|turn|9\n|\n|t:|1790730006\n|move|p1a: Gyarados|Earthquake|p2a: Registeel\n|-supereffective|p2a: Registeel\n|-damage|p2a: Registeel|85/100\n|move|p2a: Registeel|Velvet Press|p1a: Gyarados\n|-damage|p1a: Gyarados|0 fnt\n|faint|p1a: Gyarados\n|\n|-heal|p2a: Registeel|91/100|[from] item: Leftovers\n|upkeep\n|\n|t:|1790730007\n|switch|p1a: Roserade|Roserade|100/100\n|-ability|p1a: Roserade|Masquerade\n|-start|p2a: Registeel|move: Taunt\n|turn|10\n|\n|t:|1790730010\n|move|p1a: Roserade|Spikes|p2a: Registeel\n|-sidestart|p2: SlimeQueenSamantha|Spikes\n|move|p2a: Registeel|Velvet Press|p1a: Roserade\n|-resisted|p1a: Roserade\n|-crit|p1a: Roserade\n|-enditem|p1a: Roserade|Focus Sash\n|-damage|p1a: Roserade|1/100\n|\n|-heal|p2a: Registeel|97/100|[from] item: Leftovers\n|upkeep\n|turn|11\n|\n|t:|1790730013\n|move|p1a: Roserade|Synthesis|p1a: Roserade\n|-heal|p1a: Roserade|51/100\n|move|p2a: Registeel|Velvet Press|p1a: Roserade\n|-resisted|p1a: Roserade\n|-damage|p1a: Roserade|0 fnt\n|faint|p1a: Roserade\n|\n|-heal|p2a: Registeel|100/100|[from] item: Leftovers\n|upkeep\n|\n|t:|1790730014\n|switch|p1a: Kingambit|Kingambit|100/100\n|-activate|p1a: Kingambit|ability: Supreme Overlord\n|-start|p1a: Kingambit|fallen2|[silent]\n|turn|12\n|\n|t:|1790730016\n|move|p1a: Kingambit|Swords Dance|p1a: Kingambit\n|-boost|p1a: Kingambit|atk|2\n|move|p2a: Registeel|Velvet Press|p1a: Kingambit\n|-damage|p1a: Kingambit|0 fnt\n|faint|p1a: Kingambit\n|-end|p1a: Kingambit|fallen2|[silent]\n|\n|upkeep\n|\n|t:|1790730016\n|switch|p1a: Deoxys|Deoxys-Speed, tera:Fighting|100/100\n|-ability|p1a: Deoxys|Pressure\n|turn|13\n|\n|t:|1790730018\n|move|p1a: Deoxys|Superpower|p2a: Registeel\n|-supereffective|p2a: Registeel\n|-damage|p2a: Registeel|85/100\n|-unboost|p1a: Deoxys|atk|1\n|-unboost|p1a: Deoxys|def|1\n|move|p2a: Registeel|Velvet Press|p1a: Deoxys\n|-supereffective|p1a: Deoxys\n|-damage|p1a: Deoxys|0 fnt\n|faint|p1a: Deoxys\n|\n|-heal|p2a: Registeel|91/100|[from] item: Leftovers\n|-end|p2a: Registeel|move: Taunt\n|upkeep\n|\n|t:|1790730018\n|switch|p1a: Regieleki|Regieleki|100/100\n|turn|14\n|\n|t:|1790730020\n|move|p1a: Regieleki|Thunder Cage|p2a: Registeel\n|-damage|p2a: Registeel|85/100\n|-activate|p2a: Registeel|move: Thunder Cage|[of] p1a: Regieleki\n|move|p2a: Registeel|Velvet Press|p1a: Regieleki\n|-damage|p1a: Regieleki|0 fnt\n|faint|p1a: Regieleki\n|\n|-heal|p2a: Registeel|91/100|[from] item: Leftovers\n|-end|p2a: Registeel|Thunder Cage|[partiallytrapped]|[silent]\n|upkeep\n|\n|t:|1790730020\n|switch|p1a: Samurott|Samurott-Hisui|100/100\n|turn|15\n|\n|t:|1790730023\n|move|p1a: Samurott|Swords Dance|p1a: Samurott\n|-boost|p1a: Samurott|atk|2\n|move|p2a: Registeel|Velvet Press|p1a: Samurott\n|-supereffective|p1a: Samurott\n|-damage|p1a: Samurott|0 fnt\n|faint|p1a: Samurott\n|\n|win|SlimeQueenSamantha\n",
	"inputlog": ">start {\"formatid\":\"gen9rpou\",\"seed\":\"sodium,a579240e895943c917fbd7c114d37d57\",\"rated\":\"Rated battle\"}\n>player p1 {\"name\":\"Bunny Stockfish\",\"avatar\":\"bunny.png\",\"team\":\"Deoxys|DeoxysSpeed|HeavyDutyBoots|Pressure|PsychoBoost,Superpower,KnockOff,StealthRock|Naive|,200,,252,,56|N||||,,,,,Fighting]Samurott|SamurottHisui|BlackGlasses|Sharpness|SwordsDance,CeaselessEdge,RazorShell,SuckerPunch|Adamant|,252,4,,,252|N||||,,,,,Dark]Gyarados||ChestoBerry|Intimidate|Earthquake,Waterfall,DoubleEdge,Outrage|Adamant|4,252,,,,252|N||||,,,,,Dragon]Regieleki||HeavyDutyBoots|Transistor|Substitute,ThunderCage,HyperBeam,VoltSwitch|Timid|,,,252,4,252|N|,0,,,,|||,,,,,Electric]Kingambit||BlackGlasses|SupremeOverlord|SwordsDance,SuckerPunch,LowKick,IronHead|Adamant|,252,4,,,252|N||||,,,,,Ghost]Roserade||FocusSash|Masquerade|ThornedBouquet,SludgeBomb,Synthesis,Spikes|Timid|,,,252,4,252|N|,0,,,,|||,,,,,Grass\",\"rating\":1391}\n>player p2 {\"name\":\"SlimeQueenSamantha\",\"avatar\":\"queen.png\",\"team\":\"Lugia||HeavyDutyBoots|Multiscale|CalmMind,AirSlash,EarthPower,Recover|Timid|248,,8,,,252|N|,0,,,,|||,,,,,Ground]Blissey||HeavyDutyBoots|Caretaker|SoftBoiled,StealthRock,Toxic,SeismicToss|Bold|252,,252,,4,|F|,0,,,,|||,,,,,Normal]Registeel||Leftovers|Unaware|SlackOff,IronDefense,Amnesia,velvetpress|Calm|252,,,4,252,|N|,0,,,,|||,,,,,Steel]Umbreon||Leftovers|MoonlitVenom|Wish,Protect,KnockOff,Teleport|Careful|252,4,,,252,|N||||,,,,,Dark]Spiritomb||Leftovers|KeystoneLegion|soultoll,StrengthSap,PartingShot,WillOWisp|Careful|252,4,,,252,|N||||,,,,,Ghost]Clodsire||HeavyDutyBoots|WaterAbsorb|ToxicSpikes,Punishment,Earthquake,Recover|Careful|248,8,244,,8,|N||||,,,,,Poison\",\"rating\":1403}\n>chat ☆Bunny Stockfish|Good luck! Playing on **stockfish**.\n>p1 team 1, 4, 6, 2, 3, 5\n>p2 team 3, 2, 1, 4, 5, 6\n>p1 move stealthrock\n>p2 move amnesia\n>p1 move superpower terastallize\n>p2 move irondefense\n>p1 switch 5\n>p2 move slackoff\n>p1 move earthquake\n>p2 move irondefense\n>p1 move earthquake\n>p2 move irondefense\n>p1 move earthquake\n>p2 move amnesia\n>p1 move earthquake\n>p2 move amnesia\n>p1 move earthquake\n>p2 move slackoff\n>p1 move earthquake\n>p2 move velvetpress\n>p1 switch 3\n>p1 move spikes\n>p2 move velvetpress\n>p1 move synthesis\n>p2 move velvetpress\n>p1 switch 6\n>p1 move swordsdance\n>p2 move velvetpress\n>p1 switch 5\n>p1 move superpower\n>p2 move velvetpress\n>p1 switch 2\n>p1 move thundercage\n>p2 move velvetpress\n>p1 switch 4\n>p1 move swordsdance\n>p2 move velvetpress",
	"uploadtime": 1790730023
}