{
	"id": "gen9rpou-5-tliyi7",
	"format": "[Gen 9] RP OU",
	"players": [
		"Bunny Stockfish",
		"SlimeQueenSamantha"
	],
	"rating": null,
	"log": "|j|☆Bunny Stockfish\n|j|☆SlimeQueenSamantha\n|t:|1789676277\n|gametype|singles\n|badge|p1|silver|gen9rpou|2-2\n|badge|p2|gold|gen9rpou|1-1\n|player|p1|Bunny Stockfish|bunny.png|1414\n|player|p2|SlimeQueenSamantha|queen.png|1552\n|gen|9\n|tier|[Gen 9] RP OU\n|rated|\n|rule|HP Percentage Mod: HP is shown in percentages\n|rule|Endless Battle Clause: Forcing endless battles is banned\n|rule|Species Clause: Limit one of each Pokémon\n|rule|OHKO Clause: OHKO moves are banned\n|rule|Evasion Clause: Evasion abilities, items, and moves are banned\n|rule|Evasion Abilities Clause: Evasion abilities are banned\n|rule|Evasion Items Clause: Evasion items are banned\n|rule|Evasion Moves Clause: Evasion moves are banned\n|rule|Sleep Clause Mod: Limit one foe put to sleep\n|clearpoke\n|poke|p1|Empoleon|\n|poke|p1|Clodsire|\n|poke|p1|Rotom-Wash|\n|poke|p1|Togekiss|\n|poke|p1|Pecharunt|\n|poke|p1|Samurott-Hisui|\n|poke|p2|Flareon|\n|poke|p2|Landorus-Therian, M|\n|poke|p2|Heatran|\n|poke|p2|Vaporeon|\n|poke|p2|Simisear|\n|poke|p2|Spiritomb|\n|teampreview\n|c|☆Bunny Stockfish|Good luck! Playing on **stockfish**.\n|\n|t:|1789676283\n|teamsize|p1|6\n|teamsize|p2|6\n|start\n|switch|p1a: Samurott|Samurott-Hisui|100/100\n|switch|p2a: Landorus|Landorus-Therian, M|100/100\n|-ability|p2a: Landorus|Intimidate|boost\n|-unboost|p1a: Samurott|atk|1\n|turn|1\n|\n|t:|1789676291\n|-start|p1a: Samurott|Dynamax|\n|-heal|p1a: Samurott|100/100|[silent]\n|move|p1a: Samurott|Max Geyser|p2a: Landorus\n|-supereffective|p2a: Landorus\n|-damage|p2a: Landorus|21/100\n|-weather|RainDance\n|move|p2a: Landorus|U-turn|p1a: Samurott\n|-supereffective|p1a: Samurott\n|-damage|p1a: Samurott|74/100\n|\n|t:|1789676303\n|switch|p2a: Simisear|Simisear|100/100|[from] U-turn\n|-weather|SunnyDay|[from] ability: Solar Surge|[of] p2a: Simisear\n|\n|-weather|SunnyDay|[upkeep]\n|upkeep\n|turn|2\n|\n|t:|1789676306\n|-start|p2a: Simisear|Dynamax|\n|-heal|p2a: Simisear|100/100|[silent]\n|-activate|p2a: Simisear|item: Elemental Banana\n|move|p2a: Simisear|Max Knuckle|p1a: Samurott\n|-supereffective|p1a: Samurott\n|-damage|p1a: Samurott|30/100\n|-boost|p2a: Simisear|atk|1\n|move|p1a: Samurott|Max Geyser|p2a: Simisear\n|-supereffective|p2a: Simisear\n|-damage|p2a: Simisear|70/100\n|-weather|RainDance\n|\n|-weather|RainDance|[upkeep]\n|upkeep\n|turn|3\n|\n|t:|1789676316\n|move|p2a: Simisear|Max Knuckle|p1a: Samurott\n|-supereffective|p1a: Samurott\n|-damage|p1a: Samurott|0 fnt\n|-boost|p2a: Simisear|atk|1\n|faint|p1a: Samurott\n|\n|-weather|RainDance|[upkeep]\n|upkeep\n|\n|t:|1789676316\n|switch|p1a: Rotom|Rotom-Wash|100/100\n|turn|4\n|\n|t:|1789676321\n|move|p2a: Simisear|Max Flare|p1a: Rotom\n|-resisted|p1a: Rotom\n|-damage|p1a: Rotom|64/100\n|-weather|SunnyDay\n|move|p1a: Rotom|Hydro Pump|p2a: Simisear|[miss]\n|-miss|p1a: Rotom|p2a: Simisear\n|\n|-weather|SunnyDay|[upkeep]\n|-heal|p1a: Rotom|70/100|[from] item: Leftovers\n|upkeep\n|-end|p2a: Simisear|Dynamax\n|-heal|p2a: Simisear|70/100|[silent]\n|turn|5\n|\n|t:|1789676332\n|move|p2a: Simisear|Swords Dance|p2a: Simisear\n|-boost|p2a: Simisear|atk|2\n|move|p1a: Rotom|Hydro Pump|p2a: Simisear|[miss]\n|-miss|p1a: Rotom|p2a: Simisear\n|\n|-weather|SunnyDay|[upkeep]\n|-heal|p1a: Rotom|76/100|[from] item: Leftovers\n|upkeep\n|turn|6\n|\n|t:|1789676337\n|move|p2a: Simisear|Cinder Rush|p1a: Rotom\n|-resisted|p1a: Rotom\n|-damage|p1a: Rotom|0 fnt\n|faint|p1a: Rotom\n|\n|-weather|SunnyDay|[upkeep]\n|upkeep\n|\n|t:|1789676337\n|switch|p1a: Empoleon|Empoleon|100/100\n|turn|7\n|\n|t:|1789676339\n|move|p2a: Simisear|Cinder Rush||[still]\n|cant|p1a: Empoleon|ability: Emperor's Pride|Cinder Rush|[of] p2a: Simisear\n|move|p1a: Empoleon|Imperial Torrent|p2a: Simisear\n|-supereffective|p2a: Simisear\n|-damage|p2a: Simisear|0 fnt\n|faint|p2a: Simisear\n|\n|-weather|SunnyDay|[upkeep]\n|upkeep\n|\n|t:|1789676351\n|switch|p2a: Flareon|Flareon|100/100\n|-status|p2a: Flareon|brn|[from] ability: Kindled Fury|[of] p2a: Flareon\n|turn|8\n|\n|t:|1789676354\n|move|p2a: Flareon|Swords Dance|p2a: Flareon\n|-boost|p2a: Flareon|atk|2\n|move|p1a: Empoleon|Imperial Torrent|p2a: Flareon\n|-supereffective|p2a: Flareon\n|-damage|p2a: Flareon|41/100 brn\n|\n|-weather|none\n|-heal|p2a: Flareon|47/100 brn|[from] item: Leftovers\n|-damage|p2a: Flareon|41/100 brn|[from] brn\n|-ability|p2a: Flareon|Kindled Fury|boost\n|-boost|p2a: Flareon|spe|1\n|upkeep\n|turn|9\n|\n|t:|1789676360\n|move|p2a: Flareon|Protect|p2a: Flareon\n|-singleturn|p2a: Flareon|Protect\n|move|p1a: Empoleon|Imperial Torrent|p2a: Flareon\n|-activate|p2a: Flareon|move: Protect\n|\n|-heal|p2a: Flareon|47/100 brn|[from] item: Leftovers\n|-damage|p2a: Flareon|41/100 brn|[from] brn\n|-ability|p2a: Flareon|Kindled Fury|boost\n|-boost|p2a: Flareon|spe|1\n|upkeep\n|turn|10\n|\n|t:|1789676363\n|-terastallize|p2a: Flareon|Fire\n|move|p2a: Flareon|Flare Blitz|p1a: Empoleon\n|-damage|p1a: Empoleon|0 fnt\n|faint|p1a: Empoleon\n|-damage|p2a: Flareon|0 fnt|[from] Recoil\n|faint|p2a: Flareon\n|\n|upkeep\n|\n|t:|1789676375\n|switch|p2a: Vaporeon|Vaporeon|100/100\n|switch|p1a: Togekiss|Togekiss|100/100\n|turn|11\n|\n|t:|1789676379\n|move|p1a: Togekiss|Nasty Plot|p1a: Togekiss\n|-boost|p1a: Togekiss|spa|2\n|move|p2a: Vaporeon|Toxic|p1a: Togekiss\n|-status|p1a: Togekiss|tox\n|\n|-damage|p1a: Togekiss|94/100 tox|[from] psn\n|upkeep\n|turn|12\n|\n|t:|1789676381\n|move|p2a: Vaporeon|Protect|p2a: Vaporeon\n|-singleturn|p2a: Vaporeon|Protect\n|move|p1a: Togekiss|Nasty Plot|p1a: Togekiss\n|-boost|p1a: Togekiss|spa|2\n|\n|-damage|p1a: Togekiss|82/100 tox|[from] psn\n|upkeep\n|turn|13\n|\n|t:|1789676385\n|-terastallize|p1a: Togekiss|Fairy\n|move|p2a: Vaporeon|Protect|p2a: Vaporeon\n|-singleturn|p2a: Vaporeon|Protect\n|move|p1a: Togekiss|Alluring Voice|p2a: Vaporeon\n|-activate|p2a: Vaporeon|move: Protect\n|\n|-damage|p1a: Togekiss|64/100 tox|[from] psn\n|upkeep\n|turn|14\n|\n|t:|1789676392\n|switch|p2a: Heatran|Heatran|100/100\n|move|p1a: Togekiss|Alluring Voice|p2a: Heatran\n|-resisted|p2a: Heatran\n|-damage|p2a: Heatran|75/100\n|\n|-damage|p1a: Togekiss|39/100 tox|[from] psn\n|upkeep\n|turn|15\n|\n|t:|1789676396\n|detailschange|p2a: Heatran|Heatran-Mega\n|-mega|p2a: Heatran|Heatran|Heatranite\n|move|p1a: Togekiss|Aura Sphere|p2a: Heatran\n|-supereffective|p2a: Heatran\n|-damage|p2a: Heatran|0 fnt\n|faint|p2a: Heatran\n|detailschange|p2: Heatran|Heatran|[silent]\n|\n|-damage|p1a: Togekiss|8/100 tox|[from] psn\n|upkeep\n|\n|t:|1789676404\n|switch|p2a: Spiritomb|Spiritomb|100/100\n|turn|16\n|\n|t:|1789676406\n|move|p1a: Togekiss|Alluring Voice|p2a: Spiritomb\n|-supereffective|p2a: Spiritomb\n|-ability|p2a: Spiritomb|Keystone Legion\n|-message|The spirits of the keystone shield Spiritomb!\n|-start|p1a: Togekiss|Curse|[of] p2a: Spiritomb\n|-damage|p2a: Spiritomb|1/100\n|move|p2a: Spiritomb|Soul Toll|p1a: Togekiss\n|-damage|p1a: Togekiss|0 fnt\n|-heal|p2a: Spiritomb|5/100|[from] drain|[of] p1a: Togekiss\n|faint|p1a: Togekiss\n|-message|A soul joins the legion. Spiritomb's keystone mends!\n|\n|-heal|p2a: Spiritomb|11/100|[from] item: Leftovers\n|upkeep\n|\n|t:|1789676406\n|switch|p1a: Pecharunt|Pecharunt|100/100\n|-item|p1a: Pecharunt|Air Balloon\n|turn|17\n|\n|t:|1789676411\n|move|p1a: Pecharunt|Malignant Chain|p2a: Spiritomb\n|-resisted|p2a: Spiritomb\n|-damage|p2a: Spiritomb|2/100\n|move|p2a: Spiritomb|Soul Toll|p1a: Pecharunt\n|-supereffective|p1a: Pecharunt\n|-damage|p1a: Pecharunt|73/100\n|-enditem|p1a: Pecharunt|Air Balloon\n|\n|-heal|p2a: Spiritomb|8/100|[from] item: Leftovers\n|upkeep\n|turn|18\n|\n|t:|1789676417\n|move|p1a: Pecharunt|Malignant Chain|p2a: Spiritomb\n|-resisted|p2a: Spiritomb\n|-ability|p2a: Spiritomb|Keystone Legion\n|-message|The spirits of the keystone shield Spiritomb!\n|-start|p1a: Pecharunt|Curse|[of] p2a: Spiritomb\n|-damage|p2a: Spiritomb|1/100\n|-status|p2a: Spiritomb|tox\n|-start|p2a: Spiritomb|confusion|[from] ability: Poison Puppeteer|[of] p1a: Pecharunt\n|-activate|p2a: Spiritomb|confusion\n|move|p2a: Spiritomb|Soul Toll|p1a: Pecharunt\n|-supereffective|p1a: Pecharunt\n|-damage|p1a: Pecharunt|16/100\n|-heal|p2a: Spiritomb|30/100 tox|[from] drain|[of] p1a: Pecharunt\n|\n|-heal|p2a: Spiritomb|36/100 tox|[from] item: Leftovers\n|-damage|p2a: Spiritomb|30/100 tox|[from] psn\n|-damage|p1a: Pecharunt|0 fnt|[from] Curse\n|faint|p1a: Pecharunt\n|-message|A soul joins the legion. Spiritomb's keystone mends!\n|upkeep\n|\n|t:|1789676417\n|switch|p1a: Clodsire|Clodsire|100/100\n|turn|19\n|\n|t:|1789676431\n|-activate|p2a: Spiritomb|confusion\n|move|p2a: Spiritomb|Strength Sap|p1a: Clodsire\n|-unboost|p1a: Clodsire|atk|1\n|-heal|p2a: Spiritomb|79/100 tox\n|move|p1a: Clodsire|Earthquake|p2a: Spiritomb\n|-damage|p2a: Spiritomb|65/100 tox\n|\n|-heal|p2a: Spiritomb|71/100 tox|[from] item: Leftovers\n|-damage|p2a: Spiritomb|59/100 tox|[from] psn\n|upkeep\n|turn|20\n|\n|t:|1789676437\n|-end|p2a: Spiritomb|confusion\n|move|p2a: Spiritomb|Parting Shot|p1a: Clodsire\n|-unboost|p1a: Clodsire|atk|1\n|-unboost|p1a: Clodsire|spa|1\n|\n|t:|1789676442\n|switch|p2a: Vaporeon|Vaporeon|100/100|[from] Parting Shot\n|move|p1a: Clodsire|Amnesia|p1a: Clodsire\n|-boost|p1a: Clodsire|spd|2\n|\n|upkeep\n|turn|21\n|\n|t:|1789676444\n|move|p2a: Vaporeon|Flip Turn|p1a: Clodsire\n|-supereffective|p1a: Clodsire\n|-damage|p1a: Clodsire|71/100\n|\n|t:|1789676447\n|switch|p2a: Landorus|Landorus-Therian, M|21/100|[from] Flip Turn\n|-ability|p2a: Landorus|Intimidate|boost\n|-unboost|p1a: Clodsire|atk|1\n|move|p1a: Clodsire|Amnesia|p1a: Clodsire\n|-boost|p1a: Clodsire|spd|2\n|\n|-heal|p2a: Landorus|27/100|[from] item: Leftovers\n|upkeep\n|turn|22\n|\n|t:|1789676449\n|move|p2a: Landorus|Earthquake|p1a: Clodsire\n|-supereffective|p1a: Clodsire\n|-damage|p1a: Clodsire|0 fnt\n|faint|p1a: Clodsire\n|\n|win|SlimeQueenSamantha\n|raw|Bunny Stockfish's rating: 1414 &rarr; <strong>1402</strong><br />(-12 for losing)\n|raw|SlimeQueenSamantha's rating: 1552 &rarr; <strong>1565</strong><br />(+13 for winning)\n|l|☆SlimeQueenSamantha\n|player|p2|\n|l|☆Bunny Stockfish\n|player|p1|\n|j|☆SlimeQueenSamantha\n|player|p2|SlimeQueenSamantha|queen.png|\n",
	"inputlog": ">start {\"formatid\":\"gen9rpou\",\"seed\":\"sodium,cb0be4e58de8334ef7a2a053b7516463\",\"rated\":\"Rated battle\"}\n>player p1 {\"name\":\"Bunny Stockfish\",\"avatar\":\"bunny.png\",\"team\":\"Empoleon||Leftovers|EmperorsPride|ImperialTorrent,Roost,StealthRock,WaveCharge|Calm|252,,4,,252,|N||||,,,,,Flying]Clodsire||HeavyDutyBoots|Unaware|Earthquake,Recover,PoisonJab,Amnesia|Careful|248,,8,,252,|N||||,,,,,Steel]Rotom|RotomWash|Leftovers|Levitate|VoltSwitch,HydroPump,PainSplit,WillOWisp|Bold|252,,212,,,44|N||||,,,,,Steel]Togekiss||HeavyDutyBoots|SereneGrace|AirSlash,NastyPlot,AlluringVoice,AuraSphere|Modest|252,,,252,4,|N||||,,,,,Fairy]Pecharunt||AirBalloon|PoisonPuppeteer|PartingShot,Recover,MalignantChain,ShadowBall|Bold|252,,228,,,28|N|,0,,,,|||,,,,,Ghost]Samurott|SamurottHisui|AssaultVest|Sharpness|CeaselessEdge,RazorShell,SuckerPunch,KnockOff|Adamant|248,84,,,124,52|N||||,,,,,Poison\",\"rating\":1414}\n>player p2 {\"name\":\"SlimeQueenSamantha\",\"avatar\":\"queen.png\",\"team\":\"Flareon||Leftovers|KindledFury|SwordsDance,FlareBlitz,Facade,Protect|Jolly|4,252,,,,252|N||||,,,,,Fire]Landorus|LandorusTherian|Leftovers|Intimidate|Uturn,Earthquake,Defog,KnockOff|Careful|248,8,,,252,|M||||,,,,,Ground]Heatran||Heatranite|FlashFire|MagmaStorm,EarthPower,Toxic,StealthRock|Calm|248,,8,,252,|N|,0,,,,|||,,,,,Fire]Vaporeon||HeavyDutyBoots|LiquidBody|Wish,FlipTurn,Protect,Toxic|Impish|252,,252,,4,|N||||,,,,,Water]Simisear||ElementalBanana|SolarSurge|CinderRush,Uturn,SwordsDance,CloseCombat|Adamant|,252,,,,252|N||||,,,,,Fire]Spiritomb||Leftovers|KeystoneLegion|SoulToll,StrengthSap,PartingShot,WillOWisp|Careful|252,4,,,252,|N||||,,,,,Ghost\",\"rating\":1552}\n>chat ☆Bunny Stockfish|Good luck! Playing on **stockfish**.\n>p1 team 6, 4, 3, 5, 1, 2\n>p2 team 2, 1, 3, 4, 5, 6\n>p1 move razorshell dynamax\n>p2 move uturn\n>p2 switch 5\n>p1 move razorshell dynamax\n>p2 move closecombat dynamax\n>p1 move razorshell dynamax\n>p2 move closecombat dynamax\n>p1 switch 3\n>p1 move hydropump\n>p2 move cinderrush dynamax\n>p1 move hydropump\n>p2 move swordsdance\n>p1 move hydropump\n>p2 move cinderrush\n>p1 switch 5\n>p1 move imperialtorrent\n>p2 move cinderrush\n>p2 switch 2\n>p1 move imperialtorrent\n>p2 move swordsdance\n>p1 move imperialtorrent\n>p2 move protect\n>p1 move imperialtorrent\n>p2 move flareblitz terastallize\n>p1 switch 2\n>p2 switch 4\n>p1 move nastyplot\n>p2 move toxic\n>p1 move nastyplot\n>p2 move protect\n>p1 move alluringvoice terastallize\n>p2 move protect\n>p1 move alluringvoice\n>p2 switch 3\n>p1 move aurasphere\n>p2 move stealthrock mega\n>p2 switch 6\n>p1 move alluringvoice\n>p2 move soultoll\n>p1 switch 4\n>p1 move malignantchain\n>p2 move soultoll\n>p1 move malignantchain\n>p2 move soultoll\n>p1 switch 6\n>p1 move earthquake\n>p2 move strengthsap\n>p1 move amnesia\n>p2 move partingshot\n>p2 switch 3\n>p1 move amnesia\n>p2 move flipturn\n>p2 switch 5\n>p1 move poisonjab\n>p2 move earthquake",
	"uploadtime": 1789676454
}