{
	"id": "gen9rpou-7-tlj24k",
	"format": "[Gen 9] RP OU",
	"players": [
		"Bunny Champion",
		"TheRealWhimsicott"
	],
	"rating": null,
	"log": "|j|☆Bunny Champion\n|j|☆TheRealWhimsicott\n|t:|1789683070\n|gametype|singles\n|badge|p1|bronze|gen9rpou|3-3\n|player|p1|Bunny Champion|bunny.png|1328\n|player|p2|TheRealWhimsicott|1|1148\n|gen|9\n|tier|[Gen 9] RP OU\n|rated|\n|rule|HP Percentage Mod: HP is shown in percentages\n|rule|Endless Battle Clause: Forcing endless battles is banned\n|rule|Species Clause: Limit one of each Pokémon\n|rule|OHKO Clause: OHKO moves are banned\n|rule|Evasion Clause: Evasion abilities, items, and moves are banned\n|rule|Evasion Abilities Clause: Evasion abilities are banned\n|rule|Evasion Items Clause: Evasion items are banned\n|rule|Evasion Moves Clause: Evasion moves are banned\n|rule|Sleep Clause Mod: Limit one foe put to sleep\n|clearpoke\n|poke|p1|Empoleon|\n|poke|p1|Dragapult|\n|poke|p1|Zamazenta-*|\n|poke|p1|Glaceon|\n|poke|p1|Gholdengo|\n|poke|p1|Togekiss|\n|poke|p2|Kingambit|\n|poke|p2|Haxorus|\n|poke|p2|Torterra|\n|poke|p2|Glaceon|\n|poke|p2|Gyarados|\n|poke|p2|Garganacl|\n|teampreview\n|c|☆Bunny Champion|Good luck! Playing on **champion**.\n|\n|t:|1789683080\n|teamsize|p1|6\n|teamsize|p2|6\n|start\n|switch|p1a: Zamazenta|Zamazenta|100/100\n|switch|p2a: Kingambit|Kingambit|100/100\n|-ability|p1a: Zamazenta|Dauntless Shield|boost\n|-boost|p1a: Zamazenta|def|1\n|turn|1\n|\n|t:|1789683084\n|switch|p2a: Gyarados|Gyarados|100/100\n|-ability|p2a: Gyarados|Intimidate|boost\n|-unboost|p1a: Zamazenta|atk|1\n|move|p1a: Zamazenta|Close Combat|p2a: Gyarados\n|-resisted|p2a: Gyarados\n|-damage|p2a: Gyarados|75/100\n|-unboost|p1a: Zamazenta|def|1\n|-unboost|p1a: Zamazenta|spd|1\n|\n|upkeep\n|turn|2\n|\n|t:|1789683088\n|switch|p1a: Glaceon|Glaceon|100/100\n|-weather|Snowscape|[from] ability: Diamond Dust|[of] p1a: Glaceon\n|move|p2a: Gyarados|Dragon Dance|p2a: Gyarados\n|-boost|p2a: Gyarados|atk|1\n|-boost|p2a: Gyarados|spe|1\n|\n|-weather|Snowscape|[upkeep]\n|upkeep\n|turn|3\n|\n|t:|1789683095\n|switch|p2a: Glaceon|Glaceon|100/100\n|-terastallize|p1a: Glaceon|Ice\n|move|p1a: Glaceon|Freeze-Dry|p2a: Glaceon\n|-resisted|p2a: Glaceon\n|-damage|p2a: Glaceon|62/100\n|-damage|p1a: Glaceon|91/100|[from] item: Life Orb\n|\n|-weather|Snowscape|[upkeep]\n|upkeep\n|turn|4\n|\n|t:|1789683099\n|move|p1a: Glaceon|Blizzard|p2a: Glaceon\n|-resisted|p2a: Glaceon\n|-damage|p2a: Glaceon|0 fnt\n|faint|p2a: Glaceon\n|-damage|p1a: Glaceon|81/100|[from] item: Life Orb\n|\n|-weather|Snowscape|[upkeep]\n|upkeep\n|\n|t:|1789683112\n|switch|p2a: Kingambit|Kingambit|100/100\n|turn|5\n|\n|t:|1789683118\n|-terastallize|p2a: Kingambit|Dark\n|move|p1a: Glaceon|Earth Power|p2a: Kingambit\n|-damage|p2a: Kingambit|60/100\n|-damage|p1a: Glaceon|71/100|[from] item: Life Orb\n|move|p2a: Kingambit|Swords Dance|p2a: Kingambit\n|-boost|p2a: Kingambit|atk|2\n|\n|-weather|Snowscape|[upkeep]\n|upkeep\n|turn|6\n|\n|t:|1789683125\n|move|p2a: Kingambit|Sucker Punch|p1a: Glaceon\n|-damage|p1a: Glaceon|0 fnt\n|faint|p1a: Glaceon\n|\n|-weather|none\n|upkeep\n|\n|t:|1789683125\n|switch|p1a: Zamazenta|Zamazenta|100/100\n|turn|7\n|\n|t:|1789683129\n|switch|p2a: Gyarados|Gyarados|75/100\n|-ability|p2a: Gyarados|Intimidate|boost\n|-unboost|p1a: Zamazenta|atk|1\n|move|p1a: Zamazenta|Close Combat|p2a: Gyarados\n|-resisted|p2a: Gyarados\n|-damage|p2a: Gyarados|52/100\n|-unboost|p1a: Zamazenta|def|1\n|-unboost|p1a: Zamazenta|spd|1\n|\n|upkeep\n|turn|8\n|\n|t:|1789683132\n|move|p1a: Zamazenta|Stone Edge|p2a: Gyarados\n|-supereffective|p2a: Gyarados\n|-damage|p2a: Gyarados|0 fnt\n|faint|p2a: Gyarados\n|\n|upkeep\n|\n|t:|1789683136\n|switch|p2a: Torterra|Torterra|100/100\n|turn|9\n|\n|t:|1789683137\n|move|p1a: Zamazenta|Ice Fang|p2a: Torterra\n|-supereffective|p2a: Torterra\n|-damage|p2a: Torterra|63/100\n|move|p2a: Torterra|Tectonic Shell|p2a: Torterra\n|-heal|p2a: Torterra|100/100\n|-sidestart|p1: Bunny Champion|move: Stealth Rock\n|\n|upkeep\n|turn|10\n|\n|t:|1789683141\n|move|p1a: Zamazenta|Ice Fang|p2a: Torterra\n|-supereffective|p2a: Torterra\n|-damage|p2a: Torterra|66/100\n|cant|p2a: Torterra|flinch\n|\n|-heal|p2a: Torterra|72/100|[from] item: Leftovers\n|upkeep\n|turn|11\n|\n|t:|1789683144\n|move|p1a: Zamazenta|Ice Fang|p2a: Torterra\n|-supereffective|p2a: Torterra\n|-damage|p2a: Torterra|37/100\n|move|p2a: Torterra|Tectonic Shell|p2a: Torterra\n|-heal|p2a: Torterra|87/100\n|\n|-heal|p2a: Torterra|93/100|[from] item: Leftovers\n|upkeep\n|turn|12\n|\n|t:|1789683152\n|move|p1a: Zamazenta|Ice Fang|p2a: Torterra\n|-supereffective|p2a: Torterra\n|-damage|p2a: Torterra|57/100\n|move|p2a: Torterra|Elder Timber|p1a: Zamazenta\n|-damage|p1a: Zamazenta|0 fnt\n|faint|p1a: Zamazenta\n|\n|-heal|p2a: Torterra|63/100|[from] item: Leftovers\n|upkeep\n|\n|t:|1789683152\n|switch|p1a: Togekiss|Togekiss|100/100\n|turn|13\n|\n|t:|1789683155\n|-start|p1a: Togekiss|Dynamax|\n|-heal|p1a: Togekiss|100/100|[silent]\n|move|p1a: Togekiss|Max Airstream|p2a: Torterra\n|-supereffective|p2a: Torterra\n|-damage|p2a: Torterra|0 fnt\n|-boost|p1a: Togekiss|spe|1\n|faint|p2a: Torterra\n|\n|upkeep\n|\n|t:|1789683158\n|switch|p2a: Garganacl|Garganacl|100/100\n|turn|14\n|\n|t:|1789683160\n|move|p1a: Togekiss|Max Starfall|p2a: Garganacl\n|-damage|p2a: Garganacl|41/100\n|-fieldstart|move: Misty Terrain\n|move|p2a: Garganacl|Salt Cure|p1a: Togekiss\n|-supereffective|p1a: Togekiss\n|-damage|p1a: Togekiss|86/100\n|-start|p1a: Togekiss|Salt Cure\n|\n|-heal|p2a: Garganacl|47/100|[from] item: Leftovers\n|-damage|p1a: Togekiss|80/100|[from] Salt Cure\n|upkeep\n|turn|15\n|\n|t:|1789683170\n|-start|p2a: Garganacl|Dynamax|\n|-heal|p2a: Garganacl|47/100|[silent]\n|move|p1a: Togekiss|Max Starfall|p2a: Garganacl\n|-damage|p2a: Garganacl|12/100\n|move|p2a: Garganacl|Max Rockfall|p1a: Togekiss\n|-supereffective|p1a: Togekiss\n|-damage|p1a: Togekiss|49/100\n|-weather|Sandstorm\n|\n|-weather|Sandstorm|[upkeep]\n|-damage|p1a: Togekiss|46/100|[from] Sandstorm\n|-heal|p2a: Garganacl|15/100|[from] item: Leftovers\n|-damage|p1a: Togekiss|40/100|[from] Salt Cure\n|upkeep\n|-end|p1a: Togekiss|Dynamax\n|-heal|p1a: Togekiss|40/100|[silent]\n|turn|16\n|\n|t:|1789683180\n|move|p2a: Garganacl|Max Guard|p2a: Garganacl\n|-singleturn|p2a: Garganacl|Max Guard\n|move|p1a: Togekiss|Aura Sphere|p2a: Garganacl\n|-activate|p2a: Garganacl|move: Max Guard\n|\n|-weather|Sandstorm|[upkeep]\n|-damage|p1a: Togekiss|34/100|[from] Sandstorm\n|-heal|p2a: Garganacl|18/100|[from] item: Leftovers\n|-damage|p1a: Togekiss|22/100|[from] Salt Cure\n|upkeep\n|turn|17\n|\n|t:|1789683185\n|move|p1a: Togekiss|Aura Sphere|p2a: Garganacl\n|-supereffective|p2a: Garganacl\n|-damage|p2a: Garganacl|0 fnt\n|faint|p2a: Garganacl\n|\n|-weather|Sandstorm|[upkeep]\n|-damage|p1a: Togekiss|15/100|[from] Sandstorm\n|-damage|p1a: Togekiss|3/100|[from] Salt Cure\n|upkeep\n|\n|t:|1789683191\n|switch|p2a: Kingambit|Kingambit, tera:Dark|60/100\n|turn|18\n|\n|t:|1789683193\n|move|p2a: Kingambit|Sucker Punch|p1a: Togekiss\n|-resisted|p1a: Togekiss\n|-damage|p1a: Togekiss|0 fnt\n|faint|p1a: Togekiss\n|\n|-weather|Sandstorm|[upkeep]\n|-damage|p2a: Kingambit|54/100|[from] Sandstorm\n|-fieldend|Misty Terrain\n|upkeep\n|\n|t:|1789683193\n|switch|p1a: Empoleon|Empoleon|100/100\n|-damage|p1a: Empoleon|94/100|[from] Stealth Rock\n|turn|19\n|\n|t:|1789683198\n|move|p1a: Empoleon|Imperial Torrent|p2a: Kingambit\n|-damage|p2a: Kingambit|4/100\n|move|p2a: Kingambit|Knock Off|p1a: Empoleon\n|-damage|p1a: Empoleon|0 fnt\n|-enditem|p1a: Empoleon|Leftovers|[from] move: Knock Off|[of] p2a: Kingambit\n|faint|p1a: Empoleon\n|\n|-weather|none\n|upkeep\n|\n|t:|1789683198\n|switch|p1a: Gholdengo|Gholdengo|100/100\n|-damage|p1a: Gholdengo|94/100|[from] Stealth Rock\n|turn|20\n|\n|t:|1789683202\n|move|p2a: Kingambit|Sucker Punch|p1a: Gholdengo\n|-supereffective|p1a: Gholdengo\n|-damage|p1a: Gholdengo|2/100\n|move|p1a: Gholdengo|Dazzling Gleam|p2a: Kingambit\n|-supereffective|p2a: Kingambit\n|-damage|p2a: Kingambit|0 fnt\n|faint|p2a: Kingambit\n|\n|-heal|p1a: Gholdengo|8/100|[from] item: Leftovers\n|upkeep\n|\n|t:|1789683204\n|switch|p2a: Haxorus|Haxorus|100/100\n|-ability|p2a: Haxorus|Mold Breaker\n|turn|21\n|\n|t:|1789683207\n|move|p2a: Haxorus|Scale Shot|p1a: Gholdengo\n|-resisted|p1a: Gholdengo\n|-damage|p1a: Gholdengo|3/100\n|-resisted|p1a: Gholdengo\n|-damage|p1a: Gholdengo|0 fnt\n|faint|p1a: Gholdengo\n|-hitcount|p1: Gholdengo|2\n|-unboost|p2a: Haxorus|def|1\n|-boost|p2a: Haxorus|spe|1\n|\n|upkeep\n|\n|t:|1789683207\n|switch|p1a: Dragapult|Dragapult|100/100\n|turn|22\n|\n|t:|1789683210\n|move|p2a: Haxorus|Scale Shot|p1a: Dragapult\n|-supereffective|p1a: Dragapult\n|-damage|p1a: Dragapult|60/100\n|-supereffective|p1a: Dragapult\n|-damage|p1a: Dragapult|20/100\n|-hitcount|p1a: Dragapult|2\n|-unboost|p2a: Haxorus|def|1\n|-boost|p2a: Haxorus|spe|1\n|move|p1a: Dragapult|Dragon Darts|p2a: Haxorus\n|-supereffective|p2a: Haxorus\n|-damage|p2a: Haxorus|5/100\n|-anim|p1a: Dragapult|Dragon Darts|p2a: Haxorus\n|-supereffective|p2a: Haxorus\n|-damage|p2a: Haxorus|0 fnt\n|faint|p2a: Haxorus\n|\n|win|Bunny Champion\n",
	"inputlog": ">start {\"formatid\":\"gen9rpou\",\"seed\":\"sodium,483633f0f1615522b5fda5ad3caf4a50\",\"rated\":\"Rated battle\"}\n>player p1 {\"name\":\"Bunny Champion\",\"avatar\":\"bunny.png\",\"team\":\"Empoleon||Leftovers|EmperorsPride|ImperialTorrent,Roost,StealthRock,RoyalDecree|Calm|252,,4,,252,|N||||,,,,,Flying]Dragapult||HeavyDutyBoots|Infiltrator|DragonDarts,Hex,ThunderWave,Uturn|Naive|,4,,252,,252|N||||,,,,,Ghost]Zamazenta||HeavyDutyBoots|DauntlessShield|CloseCombat,Crunch,StoneEdge,IceFang|Jolly|,252,,,4,252|N||||,,,,,Dark]Glaceon||LifeOrb|DiamondDust|Blizzard,EarthPower,SparkScamper,FreezeDry|Timid|,,,252,4,252|N||||,,,,,Ice]Gholdengo||Leftovers|GoodasGold|NastyPlot,ShadowBall,Recover,DazzlingGleam|Bold|252,,196,,,60|N||||,,,,,Fairy]Togekiss||HeavyDutyBoots|SereneGrace|AirSlash,NastyPlot,AlluringVoice,AuraSphere|Modest|252,,,252,4,|N||||,,,,,Fairy\",\"rating\":1328}\n>player p2 {\"name\":\"TheRealWhimsicott\",\"avatar\":\"1\",\"team\":\"Kingambit||BlackGlasses|Defiant|KnockOff,Pursuit,SuckerPunch,SwordsDance|Adamant|252,252,,,4,|N||||,,,,,Dark]Haxorus||Leftovers|MoldBreaker|HoneClaws,ScaleShot,Earthquake,IronHead|Jolly|4,252,,,,252|N||||,,,,,Steel]Torterra||Leftovers|WorldTurtle|TectonicShell,HeadlongRush,RapidSpin,ElderTimber|Adamant|252,252,,,4,|N||||,,,,,Ghost]Glaceon||ChoiceSpecs|DiamondDust|EarthPower,FreezeDry,FocusBlast,Blizzard|Modest|,,,252,4,252|N|,0,,,,|||,,,,,Ice]Gyarados||Gyaradosite|Intimidate|DragonDance,Earthquake,Waterfall,Crunch|Adamant|4,252,,,,252|N||||,,,,,Water]Garganacl||Leftovers|PurifyingSalt|Curse,SaltCure,BodyPress,Recover|Impish|252,4,252,,,|N||||,,,,,Ghost\",\"rating\":1148}\n>chat ☆Bunny Champion|Good luck! Playing on **champion**.\n>p1 team 3, 2, 4, 6, 5, 1\n>p2 team 1, 2, 3, 4, 5, 6\n>p1 move closecombat\n>p2 switch 5\n>p1 switch 3\n>p2 move dragondance\n>p1 move freezedry terastallize\n>p2 switch 4\n>p1 move blizzard\n>p2 move blizzard\n>p2 switch 5\n>p1 move earthpower\n>p2 move swordsdance terastallize\n>p1 move blizzard\n>p2 move suckerpunch\n>p1 switch 3\n>p1 move closecombat\n>p2 switch 4\n>p1 move stoneedge\n>p2 move dragondance\n>p2 switch 3\n>p1 move icefang\n>p2 move tectonicshell\n>p1 move icefang\n>p2 move tectonicshell\n>p1 move icefang\n>p2 move tectonicshell\n>p1 move icefang\n>p2 move eldertimber\n>p1 switch 4\n>p1 move airslash dynamax\n>p2 move eldertimber\n>p2 switch 6\n>p1 move alluringvoice dynamax\n>p2 move saltcure\n>p1 move alluringvoice dynamax\n>p2 move saltcure dynamax\n>p1 move aurasphere\n>p2 move recover dynamax\n>p1 move aurasphere\n>p2 move saltcure dynamax\n>p2 switch 4\n>p1 move aurasphere\n>p2 move suckerpunch\n>p1 switch 6\n>p1 move imperialtorrent\n>p2 move knockoff\n>p1 switch 5\n>p1 move dazzlinggleam\n>p2 move suckerpunch\n>p2 switch 2\n>p1 move dazzlinggleam\n>p2 move scaleshot\n>p1 switch 2\n>p1 move dragondarts\n>p2 move scaleshot",
	"uploadtime": 1789683210
}