{
	"id": "gen9rpou-2-tm7rxf",
	"format": "[Gen 9] RP OU",
	"players": [
		"Bunny Stockfish",
		"SlimeQueenSamantha"
	],
	"rating": null,
	"log": "|j|☆Bunny Stockfish\n|j|☆SlimeQueenSamantha\n|t:|1790842925\n|gametype|singles\n|badge|p1|bronze|gen9rpou|3-3\n|badge|p2|gold|gen9rpou|1-1\n|player|p1|Bunny Stockfish|bunny.png|1332\n|player|p2|SlimeQueenSamantha|queen.png|1525\n|gen|9\n|tier|[Gen 9] RP OU\n|rated|\n|rule|HP Percentage Mod: HP is shown in percentages\n|rule|Endless Battle Clause: Forcing endless battles is banned\n|rule|Species Clause: Limit one of each Pokémon\n|rule|OHKO Clause: OHKO moves are banned\n|rule|Evasion Clause: Evasion abilities, items, and moves are banned\n|rule|Evasion Abilities Clause: Evasion abilities are banned\n|rule|Evasion Items Clause: Evasion items are banned\n|rule|Evasion Moves Clause: Evasion moves are banned\n|rule|Sleep Clause Mod: Limit one foe put to sleep\n|clearpoke\n|poke|p1|Sylveon|\n|poke|p1|Blissey|\n|poke|p1|Skeledirge|\n|poke|p1|Dragonite|\n|poke|p1|Corviknight|\n|poke|p1|Clodsire|\n|poke|p2|Gouging Fire|\n|poke|p2|Torkoal|\n|poke|p2|Infernape|\n|poke|p2|Leafeon|\n|poke|p2|Landorus-Therian|\n|poke|p2|Walking Wake|\n|teampreview\n|c|☆Bunny Stockfish|Good luck! Playing on **stockfish**.\n|\n|t:|1790842935\n|teamsize|p1|6\n|teamsize|p2|6\n|start\n|switch|p1a: Dragonite|Dragonite|100/100\n|switch|p2a: Infernape|Infernape|100/100\n|turn|1\n|\n|t:|1790842938\n|move|p2a: Infernape|Ice Punch|p1a: Dragonite\n|-supereffective|p1a: Dragonite\n|-damage|p1a: Dragonite|20/100\n|-damage|p2a: Infernape|91/100|[from] item: Life Orb\n|move|p1a: Dragonite|Dragon Claw|p2a: Infernape\n|-damage|p2a: Infernape|34/100\n|\n|upkeep\n|turn|2\n|\n|t:|1790842946\n|switch|p1a: Skeledirge|Skeledirge|100/100\n|move|p2a: Infernape|Ice Punch|p1a: Skeledirge\n|-resisted|p1a: Skeledirge\n|-damage|p1a: Skeledirge|90/100\n|-damage|p2a: Infernape|24/100|[from] item: Life Orb\n|\n|upkeep\n|turn|3\n|\n|t:|1790842948\n|-terastallize|p1a: Skeledirge|Fire\n|move|p2a: Infernape|U-turn|p1a: Skeledirge\n|-resisted|p1a: Skeledirge\n|-damage|p1a: Skeledirge|83/100\n|-damage|p2a: Infernape|14/100|[from] item: Life Orb\n|\n|t:|1790842952\n|switch|p2a: Landorus|Landorus-Therian|100/100|[from] U-turn\n|-ability|p2a: Landorus|Intimidate|boost\n|-unboost|p1a: Skeledirge|atk|1\n|move|p1a: Skeledirge|Flamethrower|p2a: Landorus\n|-damage|p2a: Landorus|65/100\n|\n|-heal|p2a: Landorus|71/100|[from] item: Leftovers\n|upkeep\n|turn|4\n|\n|t:|1790842955\n|switch|p1a: Corviknight|Corviknight|100/100\n|-ability|p1a: Corviknight|Pressure\n|move|p2a: Landorus|Stealth Rock|p1a: Corviknight\n|-sidestart|p1: Bunny Stockfish|move: Stealth Rock\n|\n|-heal|p2a: Landorus|77/100|[from] item: Leftovers\n|upkeep\n|turn|5\n|\n|t:|1790842958\n|move|p2a: Landorus|U-turn|p1a: Corviknight\n|-resisted|p1a: Corviknight\n|-damage|p1a: Corviknight|97/100\n|-damage|p2a: Landorus|61/100|[from] item: Rocky Helmet|[of] p1a: Corviknight\n|\n|t:|1790842961\n|switch|p2a: Torkoal|Torkoal|100/100|[from] U-turn\n|-weather|SunnyDay|[from] ability: Drought|[of] p2a: Torkoal\n|move|p1a: Corviknight|Defog|p2a: Torkoal\n|-unboost|p2a: Torkoal|evasion|1\n|-sideend|p1: Bunny Stockfish|Stealth Rock|[from] move: Defog|[of] p1a: Corviknight\n|\n|-weather|SunnyDay|[upkeep]\n|upkeep\n|turn|6\n|\n|t:|1790842964\n|move|p1a: Corviknight|Iron Defense|p1a: Corviknight\n|-boost|p1a: Corviknight|def|2\n|move|p2a: Torkoal|Will-O-Wisp|p1a: Corviknight\n|-status|p1a: Corviknight|brn\n|\n|-weather|SunnyDay|[upkeep]\n|-damage|p1a: Corviknight|91/100 brn|[from] brn\n|upkeep\n|turn|7\n|\n|t:|1790842968\n|move|p1a: Corviknight|Iron Defense|p1a: Corviknight\n|-boost|p1a: Corviknight|def|2\n|move|p2a: Torkoal|Lava Plume|p1a: Corviknight\n|-supereffective|p1a: Corviknight\n|-damage|p1a: Corviknight|22/100 brn\n|\n|-weather|SunnyDay|[upkeep]\n|-damage|p1a: Corviknight|16/100 brn|[from] brn\n|upkeep\n|turn|8\n|\n|t:|1790842970\n|switch|p1a: Blissey|Blissey|100/100\n|move|p2a: Torkoal|Lava Plume|p1a: Blissey\n|-damage|p1a: Blissey|91/100\n|\n|-weather|SunnyDay|[upkeep]\n|-heal|p1a: Blissey|97/100|[from] item: Leftovers\n|upkeep\n|turn|9\n|\n|t:|1790842977\n|switch|p2a: Landorus|Landorus-Therian|61/100\n|-ability|p2a: Landorus|Intimidate|boost\n|-unboost|p1a: Blissey|atk|1\n|move|p1a: Blissey|Stealth Rock|p2a: Landorus\n|-sidestart|p2: SlimeQueenSamantha|move: Stealth Rock\n|\n|-weather|SunnyDay|[upkeep]\n|-heal|p2a: Landorus|67/100|[from] item: Leftovers\n|-heal|p1a: Blissey|100/100|[from] item: Leftovers\n|upkeep\n|turn|10\n|\n|t:|1790842979\n|move|p2a: Landorus|Defog|p1a: Blissey\n|-unboost|p1a: Blissey|evasion|1\n|-sideend|p2: SlimeQueenSamantha|Stealth Rock|[from] move: Defog|[of] p2a: Landorus\n|move|p1a: Blissey|Seismic Toss|p2a: Landorus\n|-damage|p2a: Landorus|41/100\n|\n|-weather|SunnyDay|[upkeep]\n|-heal|p2a: Landorus|47/100|[from] item: Leftovers\n|upkeep\n|turn|11\n|\n|t:|1790842981\n|move|p2a: Landorus|U-turn|p1a: Blissey\n|-damage|p1a: Blissey|54/100\n|\n|t:|1790842984\n|switch|p2a: Infernape|Infernape|14/100|[from] U-turn\n|move|p1a: Blissey|Seismic Toss|p2a: Infernape\n|-damage|p2a: Infernape|0 fnt\n|faint|p2a: Infernape\n|\n|-weather|SunnyDay|[upkeep]\n|-heal|p1a: Blissey|60/100|[from] item: Leftovers\n|upkeep\n|\n|t:|1790842987\n|switch|p2a: Gouging Fire|Gouging Fire|100/100\n|-activate|p2a: Gouging Fire|ability: Protosynthesis\n|-start|p2a: Gouging Fire|protosynthesisatk\n|turn|12\n|\n|t:|1790842989\n|-curestatus|p1: Corviknight|brn|[silent]\n|-cureteam|p1a: Blissey|[from] ability: Caretaker\n|switch|p1a: Sylveon|Sylveon|100/100\n|move|p2a: Gouging Fire|Dragon Dance|p2a: Gouging Fire\n|-boost|p2a: Gouging Fire|atk|1\n|-boost|p2a: Gouging Fire|spe|1\n|\n|-weather|none\n|-end|p2a: Gouging Fire|Protosynthesis\n|upkeep\n|turn|13\n|\n|t:|1790842999\n|switch|p1a: Skeledirge|Skeledirge, tera:Fire|83/100\n|-start|p2a: Gouging Fire|Dynamax|\n|-heal|p2a: Gouging Fire|100/100|[silent]\n|move|p2a: Gouging Fire|Max Flare|p1a: Skeledirge\n|-resisted|p1a: Skeledirge\n|-damage|p1a: Skeledirge|63/100\n|-weather|SunnyDay\n|-activate|p2a: Gouging Fire|ability: Protosynthesis\n|-start|p2a: Gouging Fire|protosynthesisatk\n|\n|-weather|SunnyDay|[upkeep]\n|upkeep\n|turn|14\n|\n|t:|1790843002\n|move|p2a: Gouging Fire|Max Quake|p1a: Skeledirge\n|-supereffective|p1a: Skeledirge\n|-damage|p1a: Skeledirge|0 fnt\n|-boost|p2a: Gouging Fire|spd|1\n|faint|p1a: Skeledirge\n|\n|-weather|SunnyDay|[upkeep]\n|upkeep\n|\n|t:|1790843002\n|switch|p1a: Sylveon|Sylveon|100/100\n|turn|15\n|\n|t:|1790843005\n|switch|p1a: Clodsire|Clodsire|100/100\n|move|p2a: Gouging Fire|Max Flare|p1a: Clodsire\n|-damage|p1a: Clodsire|0 fnt\n|faint|p1a: Clodsire\n|\n|-weather|SunnyDay|[upkeep]\n|upkeep\n|\n|t:|1790843005\n|switch|p1a: Sylveon|Sylveon|100/100\n|-end|p2a: Gouging Fire|Dynamax\n|-heal|p2a: Gouging Fire|100/100|[silent]\n|turn|16\n|\n|t:|1790843009\n|move|p2a: Gouging Fire|Heat Crash|p1a: Sylveon\n|-damage|p1a: Sylveon|0 fnt\n|faint|p1a: Sylveon\n|\n|-weather|SunnyDay|[upkeep]\n|upkeep\n|\n|t:|1790843009\n|switch|p1a: Dragonite|Dragonite|20/100\n|turn|17\n|\n|t:|1790843012\n|move|p2a: Gouging Fire|Heat Crash|p1a: Dragonite\n|-resisted|p1a: Dragonite\n|-damage|p1a: Dragonite|0 fnt\n|faint|p1a: Dragonite\n|\n|-weather|none\n|-end|p2a: Gouging Fire|Protosynthesis\n|upkeep\n|\n|t:|1790843012\n|switch|p1a: Blissey|Blissey|60/100\n|turn|18\n|\n|t:|1790843014\n|move|p2a: Gouging Fire|Heat Crash|p1a: Blissey\n|-damage|p1a: Blissey|0 fnt\n|faint|p1a: Blissey\n|\n|upkeep\n|\n|t:|1790843015\n|switch|p1a: Corviknight|Corviknight|16/100\n|-ability|p1a: Corviknight|Pressure\n|turn|19\n|\n|t:|1790843017\n|move|p2a: Gouging Fire|Heat Crash|p1a: Corviknight\n|-supereffective|p1a: Corviknight\n|-damage|p1a: Corviknight|0 fnt\n|-damage|p2a: Gouging Fire|84/100|[from] item: Rocky Helmet|[of] p1a: Corviknight\n|faint|p1a: Corviknight\n|\n|win|SlimeQueenSamantha\n",
	"inputlog": ">start {\"formatid\":\"gen9rpou\",\"seed\":\"sodium,83f569501c6994a2ba23c54dcdd635c2\",\"rated\":\"Rated battle\"}\n>player p1 {\"name\":\"Bunny Stockfish\",\"avatar\":\"bunny.png\",\"team\":\"Sylveon||Leftovers|RibbonHymn|Recover,Moonblast,Toxic,KnockOff|Careful|252,,4,,252,|N||||,,,,,Poison]Blissey||Leftovers|Caretaker|SoftBoiled,SeismicToss,StealthRock,Toxic|Calm|252,,4,,252,|N||||,,,,,Water]Skeledirge||HeavyDutyBoots|Unaware|SlackOff,Flamethrower,WillOWisp,Roar|Bold|252,,252,,4,|N|,0,,,,|||,,,,,Fire]Dragonite||HeavyDutyBoots|Multiscale|Roost,DragonClaw,Haze,Toxic|Careful|252,,4,,252,|N||||,,,,,Fire]Corviknight||RockyHelmet|Pressure|Roost,BodyPress,Defog,IronDefense|Bold|252,,252,,4,|N|,0,,,,|||,,,,,Water]Clodsire||BlackSludge|Unaware|Recover,PoisonJab,Spikes,ToxicSpikes|Careful|252,,4,,252,|N||||,,,,,Fairy\",\"rating\":1332}\n>player p2 {\"name\":\"SlimeQueenSamantha\",\"avatar\":\"queen.png\",\"team\":\"Gouging Fire||HeavyDutyBoots|Protosynthesis|HeatCrash,Earthquake,DragonDance,MorningSun|Jolly|,252,,,4,252|N||||,,,,,Fairy]Torkoal||HeatRock|Drought|LavaPlume,RapidSpin,SlackOff,WillOWisp|Bold|248,,252,,8,|N||||,,,,,Dragon]Infernape||LifeOrb|CrownofFlame|CloseCombat,FireBlast,IcePunch,Uturn|Hasty|,252,,4,,252|N||||,,,,,Fighting]Leafeon||FireGem|Solstice|LeafBlade,Earthquake,SwordsDance,TeraBlast|Naive|,252,,4,,252|N||||,,,,,Fire]Landorus|LandorusTherian|Leftovers|Intimidate|Earthquake,Uturn,Defog,StealthRock|Careful|252,4,,,252,|N||||,,,,,Water]Walking Wake||ChoiceSpecs|Protosynthesis|HydroSteam,DracoMeteor,Flamethrower,DragonPulse|Timid|12,,,244,,252|N|,0,,,,|||,,,,,Water\",\"rating\":1525}\n>chat ☆Bunny Stockfish|Good luck! Playing on **stockfish**.\n>p1 team 4, 5, 3, 1, 2, 6\n>p2 team 3, 2, 1, 4, 5, 6\n>p1 move dragonclaw\n>p2 move icepunch\n>p1 switch 3\n>p2 move icepunch\n>p1 move flamethrower terastallize\n>p2 move uturn\n>p2 switch 5\n>p1 switch 2\n>p2 move stealthrock\n>p1 move defog\n>p2 move uturn\n>p2 switch 2\n>p1 move irondefense\n>p2 move willowisp\n>p1 move irondefense\n>p2 move lavaplume\n>p1 switch 5\n>p2 move lavaplume\n>p1 move stealthrock\n>p2 switch 2\n>p1 move seismictoss\n>p2 move defog\n>p1 move seismictoss\n>p2 move uturn\n>p2 switch 5\n>p2 switch 3\n>p1 switch 4\n>p2 move dragondance\n>p1 switch 2\n>p2 move heatcrash dynamax\n>p1 move slackoff\n>p2 move earthquake dynamax\n>p1 switch 2\n>p1 switch 6\n>p2 move heatcrash dynamax\n>p1 switch 6\n>p1 move toxic\n>p2 move heatcrash\n>p1 switch 3\n>p1 move roost\n>p2 move heatcrash\n>p1 switch 4\n>p1 move softboiled\n>p2 move heatcrash\n>p1 switch 5\n>p1 move roost\n>p2 move heatcrash",
	"uploadtime": 1790843017
}