{
	"id": "gen9rpou-1-tluvoa",
	"format": "[Gen 9] RP OU",
	"players": [
		"Bunny Stockfish",
		"SlimeQueenSamantha"
	],
	"rating": null,
	"log": "|j|☆Bunny Stockfish\n|j|☆SlimeQueenSamantha\n|t:|1790233418\n|gametype|singles\n|badge|p1|bronze|gen9rpou|3-3\n|badge|p2|silver|gen9rpou|2-2\n|player|p1|Bunny Stockfish|bunny.png|1399\n|player|p2|SlimeQueenSamantha|queen.png|1402\n|gen|9\n|tier|[Gen 9] RP OU\n|rated|\n|rule|HP Percentage Mod: HP is shown in percentages\n|rule|Endless Battle Clause: Forcing endless battles is banned\n|rule|Species Clause: Limit one of each Pokémon\n|rule|OHKO Clause: OHKO moves are banned\n|rule|Evasion Clause: Evasion abilities, items, and moves are banned\n|rule|Evasion Abilities Clause: Evasion abilities are banned\n|rule|Evasion Items Clause: Evasion items are banned\n|rule|Evasion Moves Clause: Evasion moves are banned\n|rule|Sleep Clause Mod: Limit one foe put to sleep\n|clearpoke\n|poke|p1|Roserade|\n|poke|p1|Togekiss|\n|poke|p1|Lucario|\n|poke|p1|Empoleon|\n|poke|p1|Enamorus-Therian|\n|poke|p1|Iron Treads|\n|poke|p2|Regieleki|\n|poke|p2|Magearna|\n|poke|p2|Dragonite|\n|poke|p2|Glaceon|\n|poke|p2|Diancie|\n|poke|p2|Garchomp|\n|teampreview\n|c|☆Bunny Stockfish|Good luck! Playing on **stockfish**.\n|\n|t:|1790233427\n|teamsize|p1|6\n|teamsize|p2|6\n|start\n|switch|p1a: Iron Treads|Iron Treads|100/100\n|switch|p2a: Garchomp|Garchomp|100/100\n|-item|p1a: Iron Treads|Air Balloon\n|turn|1\n|\n|t:|1790233432\n|move|p2a: Garchomp|Swords Dance|p2a: Garchomp\n|-boost|p2a: Garchomp|atk|2\n|move|p1a: Iron Treads|Stealth Rock|p2a: Garchomp\n|-sidestart|p2: SlimeQueenSamantha|move: Stealth Rock\n|\n|upkeep\n|turn|2\n|\n|t:|1790233434\n|move|p2a: Garchomp|Fire Blast|p1a: Iron Treads\n|-supereffective|p1a: Iron Treads\n|-damage|p1a: Iron Treads|60/100\n|-enditem|p1a: Iron Treads|Air Balloon\n|move|p1a: Iron Treads|Earthquake|p2a: Garchomp\n|-damage|p2a: Garchomp|63/100\n|\n|upkeep\n|turn|3\n|\n|t:|1790233441\n|-end|p1a: Iron Treads|Quark Drive|[silent]\n|switch|p1a: Togekiss|Togekiss|100/100\n|move|p2a: Garchomp|Earthquake|p1a: Togekiss\n|-immune|p1a: Togekiss\n|\n|upkeep\n|turn|4\n|\n|t:|1790233446\n|-start|p1a: Togekiss|Dynamax|\n|-heal|p1a: Togekiss|100/100|[silent]\n|-zpower|p2a: Garchomp\n|move|p2a: Garchomp|Inferno Overdrive|p1a: Togekiss|[zeffect]\n|-damage|p1a: Togekiss|87/100\n|move|p1a: Togekiss|Max Airstream|p2a: Garchomp\n|-damage|p2a: Garchomp|0 fnt\n|-boost|p1a: Togekiss|spe|1\n|faint|p2a: Garchomp\n|\n|upkeep\n|\n|t:|1790233456\n|switch|p2a: Regieleki|Regieleki|100/100\n|-damage|p2a: Regieleki|88/100|[from] Stealth Rock\n|turn|5\n|\n|t:|1790233459\n|-end|p1a: Togekiss|Dynamax\n|-heal|p1a: Togekiss|87/100|[silent]\n|switch|p1a: Iron Treads|Iron Treads|60/100\n|move|p2a: Regieleki|Thunderbolt|p1a: Iron Treads\n|-immune|p1a: Iron Treads\n|\n|upkeep\n|turn|6\n|\n|t:|1790233466\n|move|p2a: Regieleki|Reflect|p2a: Regieleki\n|-sidestart|p2: SlimeQueenSamantha|Reflect\n|move|p1a: Iron Treads|Earthquake|p2a: Regieleki\n|-supereffective|p2a: Regieleki\n|-damage|p2a: Regieleki|16/100\n|\n|upkeep\n|turn|7\n|\n|t:|1790233468\n|move|p2a: Regieleki|Explosion|p1a: Iron Treads\n|-resisted|p1a: Iron Treads\n|-damage|p1a: Iron Treads|39/100\n|faint|p2a: Regieleki\n|move|p1a: Iron Treads|Knock Off|p2: Regieleki|[notarget]\n|-fail|p1a: Iron Treads\n|\n|upkeep\n|\n|t:|1790233478\n|switch|p2a: Magearna|Magearna|100/100\n|-damage|p2a: Magearna|95/100|[from] Stealth Rock\n|turn|8\n|\n|t:|1790233480\n|-end|p1a: Iron Treads|Quark Drive|[silent]\n|switch|p1a: Empoleon|Empoleon|100/100\n|move|p2a: Magearna|Shift Gear|p2a: Magearna\n|-boost|p2a: Magearna|spe|2\n|-boost|p2a: Magearna|atk|1\n|\n|upkeep\n|turn|9\n|\n|t:|1790233483\n|move|p2a: Magearna|Calm Mind|p2a: Magearna\n|-boost|p2a: Magearna|spa|1\n|-boost|p2a: Magearna|spd|1\n|move|p1a: Empoleon|Imperial Torrent|p2a: Magearna\n|-damage|p2a: Magearna|56/100\n|\n|upkeep\n|turn|10\n|\n|t:|1790233489\n|move|p2a: Magearna|Calm Mind|p2a: Magearna\n|-boost|p2a: Magearna|spa|1\n|-boost|p2a: Magearna|spd|1\n|move|p1a: Empoleon|Imperial Torrent|p2a: Magearna\n|-damage|p2a: Magearna|30/100\n|\n|upkeep\n|turn|11\n|\n|t:|1790233491\n|move|p2a: Magearna|Draining Kiss|p1a: Empoleon\n|-resisted|p1a: Empoleon\n|-damage|p1a: Empoleon|85/100\n|-heal|p2a: Magearna|44/100|[from] drain|[of] p1a: Empoleon\n|move|p1a: Empoleon|Imperial Torrent|p2a: Magearna\n|-damage|p2a: Magearna|15/100\n|\n|-heal|p1a: Empoleon|91/100|[from] item: Leftovers\n|upkeep\n|turn|12\n|\n|t:|1790233502\n|-start|p2a: Magearna|Dynamax|\n|-heal|p2a: Magearna|15/100|[silent]\n|move|p2a: Magearna|Max Mindstorm|p1a: Empoleon\n|-resisted|p1a: Empoleon\n|-damage|p1a: Empoleon|60/100\n|-fieldstart|move: Psychic Terrain\n|move|p1a: Empoleon|Imperial Torrent|p2a: Magearna\n|-damage|p2a: Magearna|2/100\n|\n|-heal|p1a: Empoleon|67/100|[from] item: Leftovers\n|upkeep\n|turn|13\n|\n|t:|1790233508\n|move|p2a: Magearna|Max Starfall|p1a: Empoleon\n|-resisted|p1a: Empoleon\n|-damage|p1a: Empoleon|34/100\n|-fieldstart|move: Misty Terrain\n|move|p1a: Empoleon|Imperial Torrent|p2a: Magearna\n|-damage|p2a: Magearna|0 fnt\n|faint|p2a: Magearna\n|\n|-heal|p1a: Empoleon|41/100|[from] item: Leftovers\n|-sideend|p2: SlimeQueenSamantha|Reflect\n|upkeep\n|\n|t:|1790233512\n|switch|p2a: Dragonite|Dragonite|100/100\n|turn|14\n|\n|t:|1790233514\n|move|p2a: Dragonite|Dragon Dance|p2a: Dragonite\n|-boost|p2a: Dragonite|atk|1\n|-boost|p2a: Dragonite|spe|1\n|move|p1a: Empoleon|Imperial Torrent|p2a: Dragonite\n|-resisted|p2a: Dragonite\n|-damage|p2a: Dragonite|86/100\n|\n|-heal|p1a: Empoleon|47/100|[from] item: Leftovers\n|upkeep\n|turn|15\n|\n|t:|1790233516\n|move|p2a: Dragonite|Dragon Dance|p2a: Dragonite\n|-boost|p2a: Dragonite|atk|1\n|-boost|p2a: Dragonite|spe|1\n|move|p1a: Empoleon|Imperial Torrent|p2a: Dragonite\n|-resisted|p2a: Dragonite\n|-damage|p2a: Dragonite|58/100\n|\n|-heal|p1a: Empoleon|53/100|[from] item: Leftovers\n|upkeep\n|turn|16\n|\n|t:|1790233519\n|move|p2a: Dragonite|Earthquake|p1a: Empoleon\n|-supereffective|p1a: Empoleon\n|-crit|p1a: Empoleon\n|-damage|p1a: Empoleon|0 fnt\n|faint|p1a: Empoleon\n|\n|upkeep\n|\n|t:|1790233519\n|switch|p1a: Enamorus|Enamorus-Therian|100/100\n|turn|17\n|\n|t:|1790233522\n|move|p2a: Dragonite|Ice Spinner|p1a: Enamorus\n|-supereffective|p1a: Enamorus\n|-damage|p1a: Enamorus|0 fnt\n|-fieldend|Misty Terrain\n|faint|p1a: Enamorus\n|\n|upkeep\n|\n|t:|1790233522\n|switch|p1a: Togekiss|Togekiss|87/100\n|turn|18\n|\n|t:|1790233525\n|move|p2a: Dragonite|Ice Spinner|p1a: Togekiss\n|-supereffective|p1a: Togekiss\n|-damage|p1a: Togekiss|0 fnt\n|faint|p1a: Togekiss\n|\n|upkeep\n|\n|t:|1790233525\n|switch|p1a: Lucario|Lucario|100/100\n|turn|19\n|\n|t:|1790233527\n|move|p1a: Lucario|Bullet Punch|p2a: Dragonite\n|-damage|p2a: Dragonite|29/100\n|-damage|p1a: Lucario|91/100|[from] item: Life Orb\n|move|p2a: Dragonite|Earthquake|p1a: Lucario\n|-supereffective|p1a: Lucario\n|-damage|p1a: Lucario|0 fnt\n|faint|p1a: Lucario\n|\n|upkeep\n|\n|t:|1790233527\n|switch|p1a: Iron Treads|Iron Treads|39/100\n|turn|20\n|\n|t:|1790233529\n|move|p2a: Dragonite|Earthquake|p1a: Iron Treads\n|-supereffective|p1a: Iron Treads\n|-damage|p1a: Iron Treads|0 fnt\n|faint|p1a: Iron Treads\n|-end|p1a: Iron Treads|Quark Drive|[silent]\n|\n|upkeep\n|\n|t:|1790233529\n|switch|p1a: Roserade|Roserade|100/100\n|-ability|p1a: Roserade|Masquerade\n|-start|p2a: Dragonite|move: Taunt\n|turn|21\n|\n|t:|1790233531\n|move|p2a: Dragonite|Extreme Speed|p1a: Roserade\n|-enditem|p1a: Roserade|Focus Sash\n|-damage|p1a: Roserade|1/100\n|move|p1a: Roserade|Sludge Bomb|p2a: Dragonite\n|-damage|p2a: Dragonite|0 fnt\n|faint|p2a: Dragonite\n|\n|upkeep\n|\n|t:|1790233535\n|switch|p2a: Glaceon|Glaceon|100/100\n|-damage|p2a: Glaceon|76/100|[from] Stealth Rock\n|-weather|Snowscape|[from] ability: Diamond Dust|[of] p2a: Glaceon\n|turn|22\n|\n|t:|1790233537\n|move|p2a: Glaceon|Blizzard|p1a: Roserade\n|-supereffective|p1a: Roserade\n|-damage|p1a: Roserade|0 fnt\n|faint|p1a: Roserade\n|-damage|p2a: Glaceon|66/100|[from] item: Life Orb\n|\n|win|SlimeQueenSamantha\n",
	"inputlog": ">start {\"formatid\":\"gen9rpou\",\"seed\":\"sodium,8a905d0628003663477af70c8587e500\",\"rated\":\"Rated battle\"}\n>player p1 {\"name\":\"Bunny Stockfish\",\"avatar\":\"bunny.png\",\"team\":\"Roserade||FocusSash|Masquerade|ThornedBouquet,SludgeBomb,SolarNectar,Spikes|Timid|,,,252,4,252|N|,0,,,,|||,,,,,Grass]Togekiss||HeavyDutyBoots|SereneGrace|AirSlash,NastyPlot,Roost,AuraSphere|Modest|252,,,252,4,|N|,0,,,,|||,,,,,Fairy]Lucario||LifeOrb|Justified|BulletPunch,MetalClaw,DrainPunch,ShuffleJab|Jolly|4,252,,,,252|N||||,,,,,Fighting]Empoleon||Leftovers|EmperorsPride|ImperialTorrent,Roost,StealthRock,WaveCharge|Calm|252,,4,,252,|N|,0,,,,|||,,,,,Flying]Enamorus|EnamorusTherian|ChoiceSpecs|Overcoat|Moonblast,EarthPower,MysticalFire,DrainingKiss|Quiet|248,,8,252,,|N|,0,,,,0|||,,,,,Fairy]Iron Treads||AirBalloon|QuarkDrive|StealthRock,Earthquake,KnockOff,RapidSpin|Jolly|248,,,,252,8|N||||,,,,,Ghost\",\"rating\":1399}\n>player p2 {\"name\":\"SlimeQueenSamantha\",\"avatar\":\"queen.png\",\"team\":\"Regieleki||LightClay|Transistor|LightScreen,Reflect,Explosion,Thunderbolt|Hasty|252,4,,,,252|N||||,,,,,Electric]Magearna||WeaknessPolicy|SoulHeart|CalmMind,ShiftGear,DrainingKiss,StoredPower|Timid|,,4,252,,252|N|,0,,,,|||,,,,,Fire]Dragonite||HeavyDutyBoots|Multiscale|DragonDance,ExtremeSpeed,IceSpinner,Earthquake|Adamant|,252,,,4,252|N||||,,,,,Normal]Glaceon||LifeOrb|DiamondDust|Blizzard,FreezeDry,AuroraVeil,EarthPower|Modest|,,,252,4,252|N|,0,,,,|||,,,,,Ice]Diancie||Diancite|ClearBody|DiamondStorm,Moonblast,Explosion,Spikes|Hasty|108,,,184,,216|N||||,,,,,Ghost]Garchomp||FiriumZ|RoughSkin|SwordsDance,Earthquake,ScaleShot,FireBlast|Naive|,252,,4,,252|N||||,,,,,Ground\",\"rating\":1402}\n>chat ☆Bunny Stockfish|Good luck! Playing on **stockfish**.\n>p1 team 6, 1, 3, 2, 4, 5\n>p2 team 6, 2, 3, 4, 5, 1\n>p1 move stealthrock\n>p2 move swordsdance\n>p1 move earthquake\n>p2 move fireblast\n>p1 switch 4\n>p2 move earthquake\n>p1 move airslash dynamax\n>p2 move fireblast zmove\n>p2 switch 6\n>p1 switch 4\n>p2 move thunderbolt\n>p1 move earthquake\n>p2 move reflect\n>p1 move knockoff\n>p2 move explosion\n>p2 switch 2\n>p1 switch 5\n>p2 move shiftgear\n>p1 move imperialtorrent\n>p2 move calmmind\n>p1 move imperialtorrent\n>p2 move calmmind\n>p1 move imperialtorrent\n>p2 move drainingkiss\n>p1 move imperialtorrent\n>p2 move storedpower dynamax\n>p1 move imperialtorrent\n>p2 move drainingkiss dynamax\n>p2 switch 3\n>p1 move imperialtorrent\n>p2 move dragondance\n>p1 move imperialtorrent\n>p2 move dragondance\n>p1 move imperialtorrent\n>p2 move earthquake\n>p1 switch 6\n>p1 move moonblast\n>p2 move icespinner\n>p1 switch 4\n>p1 move airslash\n>p2 move icespinner\n>p1 switch 3\n>p1 move bulletpunch\n>p2 move earthquake\n>p1 switch 5\n>p1 move knockoff\n>p2 move earthquake\n>p1 switch 2\n>p1 move sludgebomb\n>p2 move extremespeed\n>p2 switch 4\n>p1 move thornedbouquet\n>p2 move blizzard",
	"uploadtime": 1790233537
}