{
	"id": "gen9rpou-5-tlj24k",
	"format": "[Gen 9] RP OU",
	"players": [
		"Bunny Stockfish",
		"TheRealWhimsicott"
	],
	"rating": null,
	"log": "|j|☆Bunny Stockfish\n|j|☆TheRealWhimsicott\n|t:|1789682859\n|gametype|singles\n|badge|p1|silver|gen9rpou|2-2\n|player|p1|Bunny Stockfish|bunny.png|1459\n|player|p2|TheRealWhimsicott|1|1000\n|gen|9\n|tier|[Gen 9] RP OU\n|rated|\n|rule|HP Percentage Mod: HP is shown in percentages\n|rule|Endless Battle Clause: Forcing endless battles is banned\n|rule|Species Clause: Limit one of each Pokémon\n|rule|OHKO Clause: OHKO moves are banned\n|rule|Evasion Clause: Evasion abilities, items, and moves are banned\n|rule|Evasion Abilities Clause: Evasion abilities are banned\n|rule|Evasion Items Clause: Evasion items are banned\n|rule|Evasion Moves Clause: Evasion moves are banned\n|rule|Sleep Clause Mod: Limit one foe put to sleep\n|clearpoke\n|poke|p1|Clodsire|\n|poke|p1|Sinistcha|\n|poke|p1|Landorus-Therian|\n|poke|p1|Lokix|\n|poke|p1|Primarina|\n|poke|p1|Simipour|\n|poke|p2|Kingambit|\n|poke|p2|Haxorus|\n|poke|p2|Torterra|\n|poke|p2|Glaceon|\n|poke|p2|Gyarados|\n|poke|p2|Garganacl|\n|teampreview\n|c|☆Bunny Stockfish|Good luck! Playing on **stockfish**.\n|\n|t:|1789682865\n|teamsize|p1|6\n|teamsize|p2|6\n|start\n|switch|p1a: Primarina|Primarina|100/100\n|switch|p2a: Glaceon|Glaceon|100/100\n|-weather|Snowscape|[from] ability: Diamond Dust|[of] p2a: Glaceon\n|turn|1\n|\n|t:|1789682877\n|switch|p2a: Gyarados|Gyarados|100/100\n|-ability|p2a: Gyarados|Intimidate|boost\n|-unboost|p1a: Primarina|atk|1\n|move|p1a: Primarina|Calm Mind|p1a: Primarina\n|-boost|p1a: Primarina|spa|1\n|-boost|p1a: Primarina|spd|1\n|\n|-weather|Snowscape|[upkeep]\n|upkeep\n|turn|2\n|\n|t:|1789682883\n|-start|p1a: Primarina|Dynamax|\n|-heal|p1a: Primarina|100/100|[silent]\n|move|p2a: Gyarados|Dragon Dance|p2a: Gyarados\n|-boost|p2a: Gyarados|atk|1\n|-boost|p2a: Gyarados|spe|1\n|move|p1a: Primarina|Max Starfall|p2a: Gyarados\n|-damage|p2a: Gyarados|0 fnt\n|-fieldstart|move: Misty Terrain\n|faint|p2a: Gyarados\n|\n|-weather|Snowscape|[upkeep]\n|upkeep\n|\n|t:|1789682892\n|switch|p2a: Torterra|Torterra|100/100\n|turn|3\n|\n|t:|1789682897\n|-start|p2a: Torterra|Dynamax|\n|-heal|p2a: Torterra|100/100|[silent]\n|move|p1a: Primarina|Max Starfall|p2a: Torterra\n|-damage|p2a: Torterra|43/100\n|move|p2a: Torterra|Max Overgrowth|p1a: Primarina\n|-supereffective|p1a: Primarina\n|-damage|p1a: Primarina|0 fnt\n|-fieldstart|move: Grassy Terrain\n|faint|p1a: Primarina\n|\n|-weather|Snowscape|[upkeep]\n|-heal|p2a: Torterra|46/100|[from] Grassy Terrain\n|-heal|p2a: Torterra|49/100|[from] item: Leftovers\n|upkeep\n|\n|t:|1789682897\n|switch|p1a: Lokix|Lokix|100/100\n|turn|4\n|\n|t:|1789682906\n|-terastallize|p1a: Lokix|Bug\n|move|p2a: Torterra|Max Guard|p2a: Torterra\n|-singleturn|p2a: Torterra|Max Guard\n|move|p1a: Lokix|First Impression|p2a: Torterra\n|-activate|p2a: Torterra|move: Max Guard\n|\n|-weather|Snowscape|[upkeep]\n|-heal|p2a: Torterra|52/100|[from] Grassy Terrain\n|-heal|p2a: Torterra|55/100|[from] item: Leftovers\n|upkeep\n|turn|5\n|\n|t:|1789682912\n|move|p1a: Lokix|First Impression||[still]\n|-hint|First Impression only works on your first turn out.\n|-fail|p1a: Lokix\n|move|p2a: Torterra|Max Overgrowth|p1a: Lokix\n|-resisted|p1a: Lokix\n|-damage|p1a: Lokix|12/100\n|\n|-weather|none\n|-heal|p1a: Lokix|18/100|[from] Grassy Terrain\n|-heal|p2a: Torterra|58/100|[from] Grassy Terrain\n|-heal|p2a: Torterra|61/100|[from] item: Leftovers\n|upkeep\n|-end|p2a: Torterra|Dynamax\n|-heal|p2a: Torterra|61/100|[silent]\n|turn|6\n|\n|t:|1789682916\n|move|p1a: Lokix|First Impression||[still]\n|-hint|First Impression only works on your first turn out.\n|-fail|p1a: Lokix\n|move|p2a: Torterra|Tectonic Shell|p2a: Torterra\n|-heal|p2a: Torterra|100/100\n|-sidestart|p1: Bunny Stockfish|move: Stealth Rock\n|\n|-heal|p1a: Lokix|24/100|[from] Grassy Terrain\n|upkeep\n|turn|7\n|\n|t:|1789682922\n|move|p1a: Lokix|First Impression||[still]\n|-hint|First Impression only works on your first turn out.\n|-fail|p1a: Lokix\n|move|p2a: Torterra|Tectonic Shell|p2a: Torterra\n|-fail|p2a: Torterra|heal\n|\n|-heal|p1a: Lokix|30/100|[from] Grassy Terrain\n|-fieldend|move: Grassy Terrain\n|upkeep\n|turn|8\n|\n|t:|1789682926\n|switch|p2a: Kingambit|Kingambit|100/100\n|move|p1a: Lokix|First Impression||[still]\n|-hint|First Impression only works on your first turn out.\n|-fail|p1a: Lokix\n|\n|upkeep\n|turn|9\n|\n|t:|1789682928\n|move|p1a: Lokix|First Impression||[still]\n|-hint|First Impression only works on your first turn out.\n|-fail|p1a: Lokix\n|move|p2a: Kingambit|Swords Dance|p2a: Kingambit\n|-boost|p2a: Kingambit|atk|2\n|\n|upkeep\n|turn|10\n|\n|t:|1789682930\n|move|p1a: Lokix|First Impression||[still]\n|-hint|First Impression only works on your first turn out.\n|-fail|p1a: Lokix\n|move|p2a: Kingambit|Swords Dance|p2a: Kingambit\n|-boost|p2a: Kingambit|atk|2\n|\n|upkeep\n|turn|11\n|\n|t:|1789682933\n|move|p1a: Lokix|First Impression||[still]\n|-hint|First Impression only works on your first turn out.\n|-fail|p1a: Lokix\n|move|p2a: Kingambit|Swords Dance|p2a: Kingambit\n|-boost|p2a: Kingambit|atk|2\n|\n|upkeep\n|turn|12\n|\n|t:|1789682939\n|move|p1a: Lokix|First Impression||[still]\n|-hint|First Impression only works on your first turn out.\n|-fail|p1a: Lokix\n|move|p2a: Kingambit|Knock Off|p1a: Lokix\n|-damage|p1a: Lokix|0 fnt\n|-enditem|p1a: Lokix|Choice Band|[from] move: Knock Off|[of] p2a: Kingambit\n|faint|p1a: Lokix\n|\n|upkeep\n|\n|t:|1789682940\n|switch|p1a: Clodsire|Clodsire|100/100\n|turn|13\n|\n|t:|1789682943\n|-terastallize|p2a: Kingambit|Dark\n|move|p2a: Kingambit|Knock Off|p1a: Clodsire\n|-damage|p1a: Clodsire|3/100\n|-enditem|p1a: Clodsire|Heavy-Duty Boots|[from] move: Knock Off|[of] p2a: Kingambit\n|move|p1a: Clodsire|Earthquake|p2a: Kingambit\n|-damage|p2a: Kingambit|81/100\n|\n|upkeep\n|turn|14\n|\n|t:|1789682948\n|move|p2a: Kingambit|Knock Off|p1a: Clodsire\n|-damage|p1a: Clodsire|0 fnt\n|faint|p1a: Clodsire\n|\n|upkeep\n|\n|t:|1789682948\n|switch|p1a: Landorus|Landorus-Therian|100/100\n|-damage|p1a: Landorus|88/100|[from] Stealth Rock\n|-ability|p1a: Landorus|Intimidate|boost\n|-unboost|p2a: Kingambit|atk|1\n|-ability|p2a: Kingambit|Defiant|boost\n|-boost|p2a: Kingambit|atk|1\n|turn|15\n|\n|t:|1789682950\n|move|p2a: Kingambit|Sucker Punch|p1a: Landorus\n|-damage|p1a: Landorus|0 fnt\n|-damage|p2a: Kingambit|65/100|[from] item: Rocky Helmet|[of] p1a: Landorus\n|faint|p1a: Landorus\n|\n|upkeep\n|\n|t:|1789682950\n|switch|p1a: Sinistcha|Sinistcha|100/100\n|turn|16\n|\n|t:|1789682953\n|move|p2a: Kingambit|Sucker Punch|p1a: Sinistcha\n|-supereffective|p1a: Sinistcha\n|-damage|p1a: Sinistcha|0 fnt\n|faint|p1a: Sinistcha\n|\n|upkeep\n|\n|t:|1789682953\n|switch|p1a: Simipour|Simipour|100/100\n|-damage|p1a: Simipour|88/100|[from] Stealth Rock\n|-weather|RainDance|[from] ability: Tidal Surge|[of] p1a: Simipour\n|turn|17\n|\n|t:|1789682955\n|move|p2a: Kingambit|Sucker Punch|p1a: Simipour\n|-damage|p1a: Simipour|0 fnt\n|faint|p1a: Simipour\n|\n|win|TheRealWhimsicott\n|raw|Bunny Stockfish's rating: 1459 &rarr; <strong>1422</strong><br />(-37 for losing)\n|raw|TheRealWhimsicott's rating: 1000 &rarr; <strong>1084</strong><br />(+84 for winning)\n|l|☆Bunny Stockfish\n|player|p1|\n",
	"inputlog": ">start {\"formatid\":\"gen9rpou\",\"seed\":\"sodium,18534feae28b45ae70002473d1f82cea\",\"rated\":\"Rated battle\"}\n>player p1 {\"name\":\"Bunny Stockfish\",\"avatar\":\"bunny.png\",\"team\":\"Clodsire||HeavyDutyBoots|Unaware|Earthquake,Recover,PoisonJab,Spikes|Careful|248,,8,,252,|N||||,,,,,Steel]Sinistcha||HeavyDutyBoots|Heatproof|CalmMind,MatchaGotcha,ShadowBall,StrengthSap|Bold|252,,252,,4,|N||||,,,,,Fairy]Landorus|LandorusTherian|RockyHelmet|Intimidate|StealthRock,Earthquake,StoneEdge,Taunt|Jolly|,252,4,,,252|N||||,,,,,Water]Lokix||ChoiceBand|TintedLens|FirstImpression,Uturn,KnockOff,LeechLife|Adamant|,252,4,,,252|N||||,,,,,Bug]Primarina||Leftovers|LiquidVoice|CalmMind,Surf,Moonblast,Substitute|Modest|252,,,248,8,|N|,0,,,,|||,,,,,Poison]Simipour||ChoiceScarf|TidalSurge|TorrentRush,Uturn,FlipTurn,Liquidation|Jolly|,252,,,4,252|N||||,,,,,Water\",\"rating\":1459}\n>player p2 {\"name\":\"TheRealWhimsicott\",\"avatar\":\"1\",\"team\":\"Kingambit||BlackGlasses|Defiant|KnockOff,Pursuit,SuckerPunch,SwordsDance|Adamant|252,252,,,4,|N||||,,,,,Dark]Haxorus||Leftovers|MoldBreaker|HoneClaws,ScaleShot,Earthquake,IronHead|Jolly|4,252,,,,252|N||||,,,,,Steel]Torterra||Leftovers|WorldTurtle|TectonicShell,HeadlongRush,RapidSpin,ElderTimber|Adamant|252,252,,,4,|N||||,,,,,Ghost]Glaceon||ChoiceSpecs|DiamondDust|EarthPower,Recover,FocusBlast,Blizzard|Modest|,,,252,4,252|N|,0,,,,|||,,,,,Ice]Gyarados||Gyaradosite|Intimidate|DragonDance,Earthquake,Waterfall,Crunch|Adamant|4,252,,,,252|N||||,,,,,Water]Garganacl||Leftovers|PurifyingSalt|Curse,SaltCure,BodyPress,Recover|Impish|252,4,252,,,|N||||,,,,,Ghost\",\"rating\":1000}\n>chat ☆Bunny Stockfish|Good luck! Playing on **stockfish**.\n>p1 team 5, 6, 3, 4, 2, 1\n>p2 team 4, 2, 3, 1, 5, 6\n>p1 move calmmind\n>p2 switch 5\n>p1 move moonblast dynamax\n>p2 move dragondance\n>p2 switch 3\n>p1 move moonblast dynamax\n>p2 move eldertimber dynamax\n>p1 switch 4\n>p1 move firstimpression terastallize\n>p2 move tectonicshell dynamax\n>p1 move firstimpression\n>p2 move eldertimber dynamax\n>p1 move firstimpression\n>p2 move tectonicshell\n>p1 move firstimpression\n>p2 move tectonicshell\n>p1 move firstimpression\n>p2 switch 4\n>p1 move firstimpression\n>p2 move swordsdance\n>p1 move firstimpression\n>p2 move swordsdance\n>p1 move firstimpression\n>p2 move swordsdance\n>p1 move firstimpression\n>p2 move knockoff\n>p1 switch 6\n>p1 move earthquake\n>p2 move knockoff terastallize\n>p1 move earthquake\n>p2 move knockoff\n>p1 switch 3\n>p1 move earthquake\n>p2 move suckerpunch\n>p1 switch 5\n>p1 move matchagotcha\n>p2 move suckerpunch\n>p1 switch 2\n>p1 move uturn\n>p2 move suckerpunch",
	"uploadtime": 1789682960
}