{
	"id": "gen9rpou-1-tm5heg",
	"format": "[Gen 9] RP OU",
	"players": [
		"Bunny Stockfish",
		"SlimeQueenSamantha"
	],
	"rating": null,
	"log": "|j|☆Bunny Stockfish\n|j|☆SlimeQueenSamantha\n|t:|1790729371\n|gametype|singles\n|badge|p1|bronze|gen9rpou|3-3\n|badge|p2|silver|gen9rpou|2-2\n|player|p1|Bunny Stockfish|bunny.png|1386\n|player|p2|SlimeQueenSamantha|queen.png|1408\n|gen|9\n|tier|[Gen 9] RP OU\n|rated|\n|rule|HP Percentage Mod: HP is shown in percentages\n|rule|Endless Battle Clause: Forcing endless battles is banned\n|rule|Species Clause: Limit one of each Pokémon\n|rule|OHKO Clause: OHKO moves are banned\n|rule|Evasion Clause: Evasion abilities, items, and moves are banned\n|rule|Evasion Abilities Clause: Evasion abilities are banned\n|rule|Evasion Items Clause: Evasion items are banned\n|rule|Evasion Moves Clause: Evasion moves are banned\n|rule|Sleep Clause Mod: Limit one foe put to sleep\n|clearpoke\n|poke|p1|Dondozo|\n|poke|p1|Ursaluna-Bloodmoon|\n|poke|p1|Forretress|\n|poke|p1|Togekiss|\n|poke|p1|Blissey|\n|poke|p1|Cursola|\n|poke|p2|Banette, F|\n|poke|p2|Ursaluna-Bloodmoon, M|\n|poke|p2|Magearna|\n|poke|p2|Hatterene, F|\n|poke|p2|Kingambit|\n|poke|p2|Stakataka|\n|teampreview\n|c|☆Bunny Stockfish|Good luck! Playing on **stockfish**.\n|\n|t:|1790729385\n|teamsize|p1|6\n|teamsize|p2|6\n|start\n|switch|p1a: Forretress|Forretress|100/100\n|switch|p2a: Banette|Banette, F, shiny|100/100\n|-item|p1a: Forretress|Leftovers|[from] ability: Frisk|[of] p2a: Banette\n|turn|1\n|\n|t:|1790729388\n|switch|p1a: Ursaluna|Ursaluna-Bloodmoon|100/100\n|detailschange|p2a: Banette|Banette-Mega-Halloween, F, shiny\n|-mega|p2a: Banette|Banette|Banettite-Halloween\n|-ability|p2a: Banette|Witching Hour\n|-message|The Witching Hour has struck! Banette's tricks can't be stopped, not even by Dark types!\n|-message|Banette's Poltergeist became Witch's Snatch!\n|move|p2a: Banette|Witch's Snatch|p1a: Ursaluna\n|-damage|p1a: Ursaluna|18/100\n|-enditem|p1a: Ursaluna|Leftovers|[from] move: Witch's Snatch|[of] p2a: Banette\n|-start|p1a: Ursaluna|typeadd|Ghost|[from] move: Witch's Snatch\n|\n|upkeep\n|turn|2\n|\n|t:|1790729399\n|move|p1a: Ursaluna|Protect|p1a: Ursaluna\n|-singleturn|p1a: Ursaluna|Protect\n|move|p2a: Banette|Witch's Snatch|p1a: Ursaluna\n|-activate|p1a: Ursaluna|move: Protect\n|\n|upkeep\n|turn|3\n|\n|t:|1790729400\n|move|p2a: Banette|Witch's Snatch|p1a: Ursaluna\n|-supereffective|p1a: Ursaluna\n|-crit|p1a: Ursaluna\n|-damage|p1a: Ursaluna|0 fnt\n|faint|p1a: Ursaluna\n|\n|upkeep\n|\n|t:|1790729401\n|switch|p1a: Dondozo|Dondozo|100/100\n|turn|4\n|\n|t:|1790729404\n|move|p1a: Dondozo|Protect|p1a: Dondozo\n|-singleturn|p1a: Dondozo|Protect\n|move|p2a: Banette|Witch's Snatch|p1a: Dondozo\n|-activate|p1a: Dondozo|move: Protect\n|\n|upkeep\n|turn|5\n|\n|t:|1790729405\n|move|p2a: Banette|Witch's Snatch|p1a: Dondozo\n|-crit|p1a: Dondozo\n|-damage|p1a: Dondozo|6/100\n|-damage|p2a: Banette|84/100|[from] item: Rocky Helmet|[of] p1a: Dondozo\n|-enditem|p1a: Dondozo|Rocky Helmet|[from] move: Witch's Snatch|[of] p2a: Banette\n|-start|p1a: Dondozo|typeadd|Ghost|[from] move: Witch's Snatch\n|move|p1a: Dondozo|Curse|p2a: Banette\n|-start|p2a: Banette|Curse|[of] p1a: Dondozo\n|-damage|p1a: Dondozo|0 fnt\n|faint|p1a: Dondozo\n|\n|-damage|p2a: Banette|59/100|[from] Curse\n|upkeep\n|\n|t:|1790729405\n|switch|p1a: Forretress|Forretress|100/100\n|turn|6\n|\n|t:|1790729418\n|move|p2a: Banette|Twilight Exit|p2a: Banette\n|-fieldstart|move: Trick Room|[of] p2a: Banette\n|\n|t:|1790729422\n|switch|p2a: Ursaluna|Ursaluna-Bloodmoon, M|100/100|[from] Twilight Exit\n|move|p1a: Forretress|Spikes|p2a: Ursaluna\n|-sidestart|p2: SlimeQueenSamantha|Spikes\n|\n|upkeep\n|turn|7\n|\n|t:|1790729426\n|switch|p1a: Blissey|Blissey|100/100\n|switch|p2a: Banette|Banette-Mega-Halloween, F, shiny|59/100\n|-damage|p2a: Banette|47/100|[from] Spikes\n|-ability|p2a: Banette|Witching Hour\n|-message|The Witching Hour has struck! Banette's tricks can't be stopped, not even by Dark types!\n|\n|upkeep\n|turn|8\n|\n|t:|1790729428\n|move|p1a: Blissey|Toxic|p2a: Banette\n|-status|p2a: Banette|tox\n|move|p2a: Banette|Witch's Snatch|p1a: Blissey\n|-damage|p1a: Blissey|0 fnt\n|-enditem|p1a: Blissey|Leftovers|[from] move: Witch's Snatch|[of] p2a: Banette\n|faint|p1a: Blissey\n|\n|-damage|p2a: Banette|41/100 tox|[from] psn\n|upkeep\n|\n|t:|1790729428\n|switch|p1a: Forretress|Forretress|100/100\n|turn|9\n|\n|t:|1790729435\n|move|p1a: Forretress|Toxic Spikes|p2a: Banette\n|-sidestart|p2: SlimeQueenSamantha|move: Toxic Spikes\n|move|p2a: Banette|Witch's Snatch|p1a: Forretress\n|-damage|p1a: Forretress|23/100\n|-enditem|p1a: Forretress|Leftovers|[from] move: Witch's Snatch|[of] p2a: Banette\n|-start|p1a: Forretress|typeadd|Ghost|[from] move: Witch's Snatch\n|\n|-damage|p2a: Banette|29/100 tox|[from] psn\n|upkeep\n|turn|10\n|\n|t:|1790729441\n|move|p2a: Banette|Shadow Sneak|p1a: Forretress\n|-supereffective|p1a: Forretress\n|-damage|p1a: Forretress|0 fnt\n|faint|p1a: Forretress\n|\n|-damage|p2a: Banette|11/100 tox|[from] psn\n|-fieldend|move: Trick Room\n|upkeep\n|\n|t:|1790729441\n|switch|p1a: Togekiss|Togekiss|100/100\n|turn|11\n|\n|t:|1790729444\n|move|p2a: Banette|Shadow Sneak|p1a: Togekiss\n|-damage|p1a: Togekiss|59/100\n|move|p1a: Togekiss|Defog|p2a: Banette\n|-unboost|p2a: Banette|evasion|1\n|-sideend|p2: SlimeQueenSamantha|Spikes|[from] move: Defog|[of] p1a: Togekiss\n|-sideend|p2: SlimeQueenSamantha|Toxic Spikes|[from] move: Defog|[of] p1a: Togekiss\n|\n|-damage|p2a: Banette|0 fnt|[from] psn\n|faint|p2a: Banette\n|detailschange|p2: Banette|Banette, F, shiny|[silent]\n|upkeep\n|\n|t:|1790729449\n|switch|p2a: Magearna|Magearna|100/100\n|turn|12\n|\n|t:|1790729452\n|switch|p1a: Cursola|Cursola|100/100\n|move|p2a: Magearna|Trick Room|p2a: Magearna\n|-fieldstart|move: Trick Room|[of] p2a: Magearna\n|\n|upkeep\n|turn|13\n|\n|t:|1790729455\n|move|p1a: Cursola|Shadow Ball|p2a: Magearna\n|-damage|p2a: Magearna|71/100\n|-unboost|p2a: Magearna|spd|1\n|move|p2a: Magearna|Fleur Cannon|p1a: Cursola\n|-damage|p1a: Cursola|53/100\n|-unboost|p2a: Magearna|spa|2\n|\n|-heal|p1a: Cursola|59/100|[from] item: Leftovers\n|-heal|p2a: Magearna|77/100|[from] item: Leftovers\n|upkeep\n|turn|14\n|\n|t:|1790729457\n|move|p1a: Cursola|Strength Sap|p2a: Magearna\n|-unboost|p2a: Magearna|atk|1\n|-heal|p1a: Cursola|100/100\n|move|p2a: Magearna|Volt Switch|p1a: Cursola\n|-damage|p1a: Cursola|92/100\n|\n|t:|1790729461\n|switch|p2a: Stakataka|Stakataka|100/100|[from] Volt Switch\n|\n|-heal|p1a: Cursola|98/100|[from] item: Leftovers\n|upkeep\n|turn|15\n|\n|t:|1790729463\n|-start|p1a: Cursola|Dynamax|\n|-heal|p1a: Cursola|98/100|[silent]\n|move|p2a: Stakataka|Gyro Ball|p1a: Cursola\n|-damage|p1a: Cursola|40/100\n|-ability|p1a: Cursola|Weak Armor|boost\n|-unboost|p1a: Cursola|def|1\n|-boost|p1a: Cursola|spe|2\n|-damage|p2a: Stakataka|91/100|[from] item: Life Orb\n|move|p1a: Cursola|Max Phantasm|p2a: Stakataka\n|-damage|p2a: Stakataka|24/100\n|-unboost|p2a: Stakataka|def|1\n|\n|-heal|p1a: Cursola|43/100|[from] item: Leftovers\n|upkeep\n|turn|16\n|\n|t:|1790729466\n|move|p2a: Stakataka|Gyro Ball|p1a: Cursola\n|-damage|p1a: Cursola|0 fnt\n|faint|p1a: Cursola\n|-ability|p2a: Stakataka|Beast Boost|boost\n|-boost|p2a: Stakataka|atk|1\n|-damage|p2a: Stakataka|15/100|[from] item: Life Orb\n|\n|-fieldend|move: Trick Room\n|upkeep\n|\n|t:|1790729466\n|switch|p1a: Togekiss|Togekiss|59/100\n|turn|17\n|\n|t:|1790729470\n|switch|p2a: Hatterene|Hatterene, F|100/100\n|move|p1a: Togekiss|Velvet Press|p2a: Hatterene\n|-damage|p2a: Hatterene|52/100\n|\n|upkeep\n|turn|18\n|\n|t:|1790729472\n|move|p1a: Togekiss|Roost|p1a: Togekiss\n|-heal|p1a: Togekiss|100/100\n|-singleturn|p1a: Togekiss|move: Roost\n|move|p2a: Hatterene|Trick Room|p2a: Hatterene\n|-fieldstart|move: Trick Room|[of] p2a: Hatterene\n|\n|upkeep\n|turn|19\n|\n|t:|1790729475\n|-terastallize|p1a: Togekiss|Fairy\n|move|p2a: Hatterene|Healing Wish|p2a: Hatterene\n|faint|p2a: Hatterene\n|move|p1a: Togekiss|Velvet Press|p2: Hatterene|[notarget]\n|-fail|p1a: Togekiss\n|\n|upkeep\n|\n|t:|1790729477\n|switch|p2a: Stakataka|Stakataka|15/100\n|-heal|p2a: Stakataka|100/100|[from] move: Healing Wish\n|turn|20\n|\n|t:|1790729482\n|move|p2a: Stakataka|Gyro Ball|p1a: Togekiss\n|-supereffective|p1a: Togekiss\n|-damage|p1a: Togekiss|0 fnt\n|faint|p1a: Togekiss\n|-damage|p2a: Stakataka|91/100|[from] item: Life Orb\n|\n|win|SlimeQueenSamantha\n",
	"inputlog": ">start {\"formatid\":\"gen9rpou\",\"seed\":\"sodium,b6f22a67c4d2642921c0ca60b945585b\",\"rated\":\"Rated battle\"}\n>player p1 {\"name\":\"Bunny Stockfish\",\"avatar\":\"bunny.png\",\"team\":\"Dondozo||RockyHelmet|Unaware|SlackOff,Liquidation,Curse,Protect|Impish|252,,252,,4,|N||||,,,,,Water]Ursaluna|UrsalunaBloodmoon|Leftovers|MindsEye|Moonlight,BloodMoon,Roar,Protect|Bold|252,,252,,4,|N|,0,,,,|||,,,,,Water]Forretress||Leftovers|Sturdy|ChrysalisVeil,BodyPress,Spikes,ToxicSpikes|Bold|252,,252,,4,|N|,0,,,,|||,,,,,Bug]Togekiss||HeavyDutyBoots|Hustle|Roost,VelvetPress,Defog,Toxic|Calm|252,,4,,252,|N|,0,,,,|||,,,,,Fairy]Blissey||Leftovers|Caretaker|SoftBoiled,SeismicToss,Toxic,HealBell|Calm|252,,4,,252,|N||||,,,,,Fairy]Cursola||Leftovers|WeakArmor|StrengthSap,ShadowBall,StealthRock,WillOWisp|Calm|252,,4,,252,|N|,0,,,,|||,,,,,Water\",\"rating\":1386}\n>player p2 {\"name\":\"SlimeQueenSamantha\",\"avatar\":\"queen.png\",\"team\":\"Banette||BanettiteHalloween|Frisk|Poltergeist,ShadowSneak,DestinyBond,twilightexit|Adamant|4,252,,,,252|F||S||,,,,,Ghost]Ursaluna|UrsalunaBloodmoon|Leftovers|MindsEye|CalmMind,BloodMoon,HyperVoice,EarthPower|Modest|252,,4,252,,|M||||,,,,,Normal]Magearna||Leftovers|SoulHeart|TrickRoom,VoltSwitch,FleurCannon,FlashCannon|Quiet|252,,,252,4,|N|,0,,,,|||,,,,,Steel]Hatterene||FocusSash|MagicBounce|TrickRoom,PsychicNoise,DazzlingGleam,HealingWish|Quiet|252,,4,252,,|F|,0,,,,0|||,,,,,Water]Kingambit||Leftovers|SupremeOverlord|KnockOff,SuckerPunch,IronHead,SwordsDance|Adamant|252,252,,,4,|N||||,,,,,Dark]Stakataka||LifeOrb|BeastBoost|TrickRoom,GyroBall,StoneEdge,Earthquake|Lonely|252,252,,,4,|N|,,15,,,0|||,,,,,Rock\",\"rating\":1408}\n>chat ☆Bunny Stockfish|Good luck! Playing on **stockfish**.\n>p1 team 3, 4, 5, 2, 1, 6\n>p2 team 1, 2, 3, 4, 5, 6\n>p1 switch 4\n>p2 move poltergeist mega\n>p1 move protect\n>p2 move witchssnatch\n>p1 move moonlight\n>p2 move witchssnatch\n>p1 switch 5\n>p1 move protect\n>p2 move witchssnatch\n>p1 move curse\n>p2 move witchssnatch\n>p1 switch 4\n>p1 move spikes\n>p2 move twilightexit\n>p2 switch 2\n>p1 switch 3\n>p2 switch 2\n>p1 move toxic\n>p2 move witchssnatch\n>p1 switch 3\n>p1 move toxicspikes\n>p2 move witchssnatch\n>p1 move spikes\n>p2 move shadowsneak\n>p1 switch 2\n>p1 move defog\n>p2 move shadowsneak\n>p2 switch 3\n>p1 switch 6\n>p2 move trickroom\n>p1 move shadowball\n>p2 move fleurcannon\n>p1 move strengthsap\n>p2 move voltswitch\n>p2 switch 6\n>p1 move shadowball dynamax\n>p2 move gyroball\n>p1 move shadowball dynamax\n>p2 move gyroball\n>p1 switch 6\n>p1 move velvetpress\n>p2 switch 4\n>p1 move roost\n>p2 move trickroom\n>p1 move velvetpress terastallize\n>p2 move healingwish\n>p2 switch 4\n>p1 move velvetpress\n>p2 move gyroball",
	"uploadtime": 1790729482
}