{
	"id": "gen9rpou-12-tm8rrz",
	"format": "[Gen 9] RP OU",
	"players": [
		"Bunny Stockfish",
		"SlimeQueenSamantha"
	],
	"rating": null,
	"log": "|j|☆Bunny Stockfish\n|j|☆SlimeQueenSamantha\n|t:|1790882621\n|gametype|singles\n|badge|p1|bronze|gen9rpou|3-3\n|badge|p2|gold|gen9rpou|1-1\n|player|p1|Bunny Stockfish|bunny.png|1332\n|player|p2|SlimeQueenSamantha|queen.png|1544\n|gen|9\n|tier|[Gen 9] RP OU\n|rated|\n|rule|HP Percentage Mod: HP is shown in percentages\n|rule|Endless Battle Clause: Forcing endless battles is banned\n|rule|Species Clause: Limit one of each Pokémon\n|rule|OHKO Clause: OHKO moves are banned\n|rule|Evasion Clause: Evasion abilities, items, and moves are banned\n|rule|Evasion Abilities Clause: Evasion abilities are banned\n|rule|Evasion Items Clause: Evasion items are banned\n|rule|Evasion Moves Clause: Evasion moves are banned\n|rule|Sleep Clause Mod: Limit one foe put to sleep\n|clearpoke\n|poke|p1|Keldeo-Resolute|\n|poke|p1|Kingambit|\n|poke|p1|Spiritomb|\n|poke|p1|Glimmora|\n|poke|p1|Hatterene|\n|poke|p1|Landorus-Therian|\n|poke|p2|Lugia|\n|poke|p2|Blissey|\n|poke|p2|Registeel|\n|poke|p2|Umbreon|\n|poke|p2|Spiritomb|\n|poke|p2|Clodsire|\n|teampreview\n|c|☆Bunny Stockfish|Good luck! Playing on **stockfish**.\n|\n|t:|1790882644\n|teamsize|p1|6\n|teamsize|p2|6\n|start\n|switch|p1a: Keldeo|Keldeo-Resolute|100/100\n|switch|p2a: Umbreon|Umbreon|100/100\n|turn|1\n|\n|t:|1790882648\n|switch|p2a: Clodsire|Clodsire|100/100\n|-terastallize|p1a: Keldeo|Fighting\n|move|p1a: Keldeo|Secret Sword|p2a: Clodsire\n|-resisted|p2a: Clodsire\n|-damage|p2a: Clodsire|66/100\n|\n|upkeep\n|turn|2\n|\n|t:|1790882655\n|move|p1a: Keldeo|Secret Sword|p2a: Clodsire\n|-resisted|p2a: Clodsire\n|-damage|p2a: Clodsire|31/100\n|move|p2a: Clodsire|Recover|p2a: Clodsire\n|-heal|p2a: Clodsire|81/100\n|\n|upkeep\n|turn|3\n|\n|t:|1790882658\n|move|p1a: Keldeo|Secret Sword|p2a: Clodsire\n|-resisted|p2a: Clodsire\n|-damage|p2a: Clodsire|46/100\n|move|p2a: Clodsire|Toxic Spikes|p1a: Keldeo\n|-sidestart|p1: Bunny Stockfish|move: Toxic Spikes\n|\n|upkeep\n|turn|4\n|\n|t:|1790882660\n|move|p1a: Keldeo|Secret Sword|p2a: Clodsire\n|-resisted|p2a: Clodsire\n|-damage|p2a: Clodsire|8/100\n|move|p2a: Clodsire|Recover|p2a: Clodsire\n|-heal|p2a: Clodsire|58/100\n|\n|upkeep\n|turn|5\n|\n|t:|1790882663\n|move|p1a: Keldeo|Secret Sword|p2a: Clodsire\n|-resisted|p2a: Clodsire\n|-damage|p2a: Clodsire|20/100\n|move|p2a: Clodsire|Recover|p2a: Clodsire\n|-heal|p2a: Clodsire|70/100\n|\n|upkeep\n|turn|6\n|\n|t:|1790882666\n|move|p1a: Keldeo|Secret Sword|p2a: Clodsire\n|-resisted|p2a: Clodsire\n|-damage|p2a: Clodsire|35/100\n|move|p2a: Clodsire|Recover|p2a: Clodsire\n|-heal|p2a: Clodsire|86/100\n|\n|upkeep\n|turn|7\n|\n|t:|1790882670\n|move|p1a: Keldeo|Secret Sword|p2a: Clodsire\n|-resisted|p2a: Clodsire\n|-damage|p2a: Clodsire|53/100\n|move|p2a: Clodsire|Recover|p2a: Clodsire\n|-heal|p2a: Clodsire|100/100\n|\n|upkeep\n|turn|8\n|\n|t:|1790882673\n|move|p1a: Keldeo|Secret Sword|p2a: Clodsire\n|-resisted|p2a: Clodsire\n|-damage|p2a: Clodsire|63/100\n|move|p2a: Clodsire|Earthquake|p1a: Keldeo\n|-damage|p1a: Keldeo|71/100\n|\n|upkeep\n|turn|9\n|\n|t:|1790882678\n|move|p1a: Keldeo|Secret Sword|p2a: Clodsire\n|-resisted|p2a: Clodsire\n|-damage|p2a: Clodsire|29/100\n|move|p2a: Clodsire|Recover|p2a: Clodsire\n|-heal|p2a: Clodsire|79/100\n|\n|upkeep\n|turn|10\n|\n|t:|1790882681\n|move|p1a: Keldeo|Secret Sword|p2a: Clodsire\n|-resisted|p2a: Clodsire\n|-damage|p2a: Clodsire|43/100\n|move|p2a: Clodsire|Recover|p2a: Clodsire\n|-heal|p2a: Clodsire|93/100\n|\n|upkeep\n|turn|11\n|\n|t:|1790882683\n|move|p1a: Keldeo|Secret Sword|p2a: Clodsire\n|-resisted|p2a: Clodsire\n|-damage|p2a: Clodsire|58/100\n|move|p2a: Clodsire|Toxic Spikes|p1a: Keldeo\n|-sidestart|p1: Bunny Stockfish|move: Toxic Spikes\n|\n|upkeep\n|turn|12\n|\n|t:|1790882685\n|move|p1a: Keldeo|Secret Sword|p2a: Clodsire\n|-resisted|p2a: Clodsire\n|-damage|p2a: Clodsire|20/100\n|move|p2a: Clodsire|Recover|p2a: Clodsire\n|-heal|p2a: Clodsire|70/100\n|\n|upkeep\n|turn|13\n|\n|t:|1790882688\n|move|p1a: Keldeo|Secret Sword|p2a: Clodsire\n|-resisted|p2a: Clodsire\n|-damage|p2a: Clodsire|35/100\n|move|p2a: Clodsire|Recover|p2a: Clodsire\n|-heal|p2a: Clodsire|85/100\n|\n|upkeep\n|turn|14\n|\n|t:|1790882692\n|move|p1a: Keldeo|Secret Sword|p2a: Clodsire\n|-resisted|p2a: Clodsire\n|-crit|p2a: Clodsire\n|-damage|p2a: Clodsire|34/100\n|move|p2a: Clodsire|Recover|p2a: Clodsire\n|-heal|p2a: Clodsire|84/100\n|\n|upkeep\n|turn|15\n|\n|t:|1790882694\n|move|p1a: Keldeo|Secret Sword|p2a: Clodsire\n|-resisted|p2a: Clodsire\n|-damage|p2a: Clodsire|51/100\n|move|p2a: Clodsire|Recover|p2a: Clodsire\n|-heal|p2a: Clodsire|100/100\n|\n|upkeep\n|turn|16\n|\n|t:|1790882696\n|move|p1a: Keldeo|Secret Sword|p2a: Clodsire\n|-resisted|p2a: Clodsire\n|-damage|p2a: Clodsire|66/100\n|move|p2a: Clodsire|Recover|p2a: Clodsire\n|-heal|p2a: Clodsire|100/100\n|\n|upkeep\n|turn|17\n|\n|t:|1790882700\n|switch|p1a: Hatterene|Hatterene|100/100\n|-status|p1a: Hatterene|tox\n|switch|p2a: Spiritomb|Spiritomb, shiny|100/100\n|\n|-damage|p1a: Hatterene|95/100 tox|[from] psn\n|upkeep\n|turn|18\n|\n|t:|1790882705\n|move|p1a: Hatterene|Velvet Press|p2a: Spiritomb\n|-supereffective|p2a: Spiritomb\n|-damage|p2a: Spiritomb|63/100\n|move|p2a: Spiritomb|Soul Toll|p1a: Hatterene\n|-supereffective|p1a: Hatterene\n|-damage|p1a: Hatterene|0 fnt\n|faint|p1a: Hatterene\n|\n|-heal|p2a: Spiritomb|69/100|[from] item: Leftovers\n|upkeep\n|\n|t:|1790882705\n|switch|p1a: Kingambit|Kingambit|100/100\n|-activate|p1a: Kingambit|ability: Supreme Overlord\n|-start|p1a: Kingambit|fallen1|[silent]\n|turn|19\n|\n|t:|1790882711\n|move|p1a: Kingambit|Swords Dance|p1a: Kingambit\n|-boost|p1a: Kingambit|atk|2\n|move|p2a: Spiritomb|Will-O-Wisp|p1a: Kingambit\n|-status|p1a: Kingambit|brn\n|\n|-heal|p2a: Spiritomb|75/100|[from] item: Leftovers\n|-damage|p1a: Kingambit|94/100 brn|[from] brn\n|upkeep\n|turn|20\n|\n|t:|1790882713\n|-start|p1a: Kingambit|Dynamax|\n|-heal|p1a: Kingambit|94/100 brn|[silent]\n|move|p1a: Kingambit|Max Darkness|p2a: Spiritomb\n|-damage|p2a: Spiritomb|1/100\n|-unboost|p2a: Spiritomb|spd|1\n|move|p2a: Spiritomb|Parting Shot|p1a: Kingambit\n|-unboost|p1a: Kingambit|atk|1\n|-unboost|p1a: Kingambit|spa|1\n|\n|t:|1790882726\n|switch|p2a: Registeel|Registeel|100/100|[from] Parting Shot\n|\n|-damage|p1a: Kingambit|91/100 brn|[from] brn\n|upkeep\n|turn|21\n|\n|t:|1790882728\n|move|p1a: Kingambit|Max Darkness|p2a: Registeel\n|-damage|p2a: Registeel|70/100\n|-unboost|p2a: Registeel|spd|1\n|move|p2a: Registeel|Iron Defense|p2a: Registeel\n|-boost|p2a: Registeel|def|2\n|\n|-heal|p2a: Registeel|76/100|[from] item: Leftovers\n|-damage|p1a: Kingambit|88/100 brn|[from] brn\n|upkeep\n|turn|22\n|\n|t:|1790882733\n|move|p1a: Kingambit|Max Darkness|p2a: Registeel\n|-damage|p2a: Registeel|60/100\n|-unboost|p2a: Registeel|spd|1\n|move|p2a: Registeel|Iron Defense|p2a: Registeel\n|-boost|p2a: Registeel|def|2\n|\n|-heal|p2a: Registeel|66/100|[from] item: Leftovers\n|-damage|p1a: Kingambit|85/100 brn|[from] brn\n|upkeep\n|-end|p1a: Kingambit|Dynamax\n|-heal|p1a: Kingambit|85/100 brn|[silent]\n|turn|23\n|\n|t:|1790882737\n|-end|p1a: Kingambit|fallen1|[silent]\n|switch|p1a: Spiritomb|Spiritomb|100/100\n|-status|p1a: Spiritomb|tox\n|move|p2a: Registeel|Amnesia|p2a: Registeel\n|-boost|p2a: Registeel|spd|2\n|\n|-heal|p2a: Registeel|72/100|[from] item: Leftovers\n|-damage|p1a: Spiritomb|94/100 tox|[from] psn\n|upkeep\n|turn|24\n|\n|t:|1790882741\n|move|p2a: Registeel|Velvet Press|p1a: Spiritomb\n|-supereffective|p1a: Spiritomb\n|-damage|p1a: Spiritomb|55/100 tox\n|move|p1a: Spiritomb|Will-O-Wisp|p2a: Registeel\n|-status|p2a: Registeel|brn\n|\n|-heal|p2a: Registeel|78/100 brn|[from] item: Leftovers\n|-heal|p1a: Spiritomb|61/100 tox|[from] item: Leftovers\n|-damage|p1a: Spiritomb|49/100 tox|[from] psn\n|-damage|p2a: Registeel|72/100 brn|[from] brn\n|upkeep\n|turn|25\n|\n|t:|1790882746\n|move|p2a: Registeel|Amnesia|p2a: Registeel\n|-boost|p2a: Registeel|spd|2\n|move|p1a: Spiritomb|Strength Sap|p2a: Registeel\n|-unboost|p2a: Registeel|atk|1\n|-heal|p1a: Spiritomb|86/100 tox\n|\n|-heal|p2a: Registeel|78/100 brn|[from] item: Leftovers\n|-heal|p1a: Spiritomb|92/100 tox|[from] item: Leftovers\n|-damage|p1a: Spiritomb|74/100 tox|[from] psn\n|-damage|p2a: Registeel|72/100 brn|[from] brn\n|upkeep\n|turn|26\n|\n|t:|1790882749\n|switch|p1a: Glimmora|Glimmora|100/100\n|-sideend|p1: Bunny Stockfish|move: Toxic Spikes|[of] p1a: Glimmora\n|move|p2a: Registeel|Amnesia|p2a: Registeel\n|-boost|p2a: Registeel|spd|2\n|\n|-heal|p2a: Registeel|78/100 brn|[from] item: Leftovers\n|-damage|p2a: Registeel|72/100 brn|[from] brn\n|upkeep\n|turn|27\n|\n|t:|1790882753\n|move|p1a: Glimmora|Spikes|p2a: Registeel\n|-sidestart|p2: SlimeQueenSamantha|Spikes\n|move|p2a: Registeel|Slack Off|p2a: Registeel\n|-heal|p2a: Registeel|100/100 brn\n|\n|-damage|p2a: Registeel|94/100 brn|[from] brn\n|upkeep\n|turn|28\n|\n|t:|1790882754\n|move|p1a: Glimmora|Earth Power|p2a: Registeel\n|-supereffective|p2a: Registeel\n|-damage|p2a: Registeel|85/100 brn\n|move|p2a: Registeel|Velvet Press|p1a: Glimmora\n|-resisted|p1a: Glimmora\n|-damage|p1a: Glimmora|29/100\n|\n|-heal|p2a: Registeel|91/100 brn|[from] item: Leftovers\n|-damage|p2a: Registeel|85/100 brn|[from] brn\n|upkeep\n|turn|29\n|\n|t:|1790882757\n|move|p1a: Glimmora|Earth Power|p2a: Registeel\n|-supereffective|p2a: Registeel\n|-damage|p2a: Registeel|73/100 brn\n|move|p2a: Registeel|Velvet Press|p1a: Glimmora\n|-resisted|p1a: Glimmora\n|-damage|p1a: Glimmora|0 fnt\n|faint|p1a: Glimmora\n|\n|-heal|p2a: Registeel|79/100 brn|[from] item: Leftovers\n|-damage|p2a: Registeel|73/100 brn|[from] brn\n|upkeep\n|\n|t:|1790882757\n|switch|p1a: Landorus|Landorus-Therian|100/100\n|-ability|p1a: Landorus|Intimidate|boost\n|-unboost|p2a: Registeel|atk|1\n|turn|30\n|\n|t:|1790882759\n|move|p1a: Landorus|Stealth Rock|p2a: Registeel\n|-sidestart|p2: SlimeQueenSamantha|move: Stealth Rock\n|move|p2a: Registeel|Velvet Press|p1a: Landorus\n|-damage|p1a: Landorus|0 fnt\n|faint|p1a: Landorus\n|\n|-heal|p2a: Registeel|79/100 brn|[from] item: Leftovers\n|-damage|p2a: Registeel|73/100 brn|[from] brn\n|upkeep\n|\n|t:|1790882760\n|switch|p1a: Kingambit|Kingambit|85/100 brn\n|-activate|p1a: Kingambit|ability: Supreme Overlord\n|-start|p1a: Kingambit|fallen3|[silent]\n|turn|31\n|\n|t:|1790882763\n|move|p1a: Kingambit|Carrion Feast|p2a: Registeel\n|-damage|p2a: Registeel|65/100 brn\n|-heal|p1a: Kingambit|89/100 brn|[from] drain|[of] p2a: Registeel\n|move|p2a: Registeel|Velvet Press|p1a: Kingambit\n|-damage|p1a: Kingambit|0 fnt\n|faint|p1a: Kingambit\n|-end|p1a: Kingambit|fallen3|[silent]\n|\n|-heal|p2a: Registeel|71/100 brn|[from] item: Leftovers\n|-damage|p2a: Registeel|65/100 brn|[from] brn\n|upkeep\n|\n|t:|1790882763\n|switch|p1a: Spiritomb|Spiritomb|74/100 tox\n|turn|32\n|\n|t:|1790882768\n|move|p2a: Registeel|Velvet Press|p1a: Spiritomb\n|-supereffective|p1a: Spiritomb\n|-ability|p1a: Spiritomb|Keystone Legion\n|-message|The spirits of the keystone shield Spiritomb!\n|-start|p2a: Registeel|Curse|[of] p1a: Spiritomb\n|-damage|p1a: Spiritomb|1/100 tox\n|move|p1a: Spiritomb|Strength Sap|p2a: Registeel\n|-unboost|p2a: Registeel|atk|1\n|-heal|p1a: Spiritomb|19/100 tox\n|\n|-heal|p2a: Registeel|71/100 brn|[from] item: Leftovers\n|-heal|p1a: Spiritomb|25/100 tox|[from] item: Leftovers\n|-damage|p1a: Spiritomb|19/100 tox|[from] psn\n|-damage|p2a: Registeel|65/100 brn|[from] brn\n|-damage|p2a: Registeel|40/100 brn|[from] Curse\n|upkeep\n|turn|33\n|\n|t:|1790882772\n|move|p1a: Spiritomb|Soul Toll|p2a: Registeel\n|-damage|p2a: Registeel|30/100 brn\n|-heal|p1a: Spiritomb|24/100 tox|[from] drain|[of] p2a: Registeel\n|move|p2a: Registeel|Velvet Press|p1a: Spiritomb\n|-supereffective|p1a: Spiritomb\n|-damage|p1a: Spiritomb|0 fnt\n|faint|p1a: Spiritomb\n|\n|-heal|p2a: Registeel|36/100 brn|[from] item: Leftovers\n|-damage|p2a: Registeel|30/100 brn|[from] brn\n|-damage|p2a: Registeel|5/100 brn|[from] Curse\n|upkeep\n|\n|t:|1790882772\n|switch|p1a: Keldeo|Keldeo-Resolute, tera:Fighting|71/100\n|turn|34\n|\n|t:|1790882778\n|move|p1a: Keldeo|Vacuum Wave|p2a: Registeel\n|-supereffective|p2a: Registeel\n|-damage|p2a: Registeel|0 fnt\n|faint|p2a: Registeel\n|\n|upkeep\n|\n|t:|1790882783\n|switch|p2a: Spiritomb|Spiritomb, shiny|1/100\n|-damage|p2a: Spiritomb|0 fnt|[from] Spikes\n|faint|p2a: Spiritomb\n|\n|t:|1790882787\n|switch|p2a: Clodsire|Clodsire|100/100\n|turn|35\n|\n|t:|1790882789\n|move|p1a: Keldeo|Vacuum Wave|p2a: Clodsire\n|-resisted|p2a: Clodsire\n|-damage|p2a: Clodsire|86/100\n|move|p2a: Clodsire|Earthquake|p1a: Keldeo\n|-damage|p1a: Keldeo|38/100\n|\n|upkeep\n|turn|36\n|\n|t:|1790882791\n|move|p1a: Keldeo|Vacuum Wave|p2a: Clodsire\n|-resisted|p2a: Clodsire\n|-damage|p2a: Clodsire|72/100\n|move|p2a: Clodsire|Earthquake|p1a: Keldeo\n|-damage|p1a: Keldeo|7/100\n|\n|upkeep\n|turn|37\n|\n|t:|1790882794\n|move|p1a: Keldeo|Vacuum Wave|p2a: Clodsire\n|-resisted|p2a: Clodsire\n|-damage|p2a: Clodsire|58/100\n|move|p2a: Clodsire|Earthquake|p1a: Keldeo\n|-damage|p1a: Keldeo|0 fnt\n|faint|p1a: Keldeo\n|\n|win|SlimeQueenSamantha\n",
	"inputlog": ">start {\"formatid\":\"gen9rpou\",\"seed\":\"sodium,6beeb80b9caedf21b26ddd4679d66716\",\"rated\":\"Rated battle\"}\n>player p1 {\"name\":\"Bunny Stockfish\",\"avatar\":\"bunny.png\",\"team\":\"Keldeo|KeldeoResolute|ChoiceSpecs|Justified|Surf,SecretSword,VacuumWave,IcyWind|Timid|,,,252,4,252|N|,0,,,,|||,,,,,Fighting]Kingambit||BlackGlasses|SupremeOverlord|SwordsDance,SuckerPunch,CarrionFeast,IronHead|Adamant|252,252,,,4,|N||||,,,,,Flying]Spiritomb||Leftovers|KeystoneLegion|SoulToll,StrengthSap,WillOWisp,PartingShot|Calm|252,,4,,252,|N||||,,,,,Fairy]Glimmora||PowerHerb|ToxicDebris|MeteorBeam,EarthPower,VelvetPress,Spikes|Timid|,,,252,4,252|N|,0,,,,|||,,,,,Ghost]Hatterene||AssaultVest|MagicBounce|Psyshock,VelvetPress,MysticalFire,PsychicNoise|Modest|252,,,100,104,52|N|,0,,,,|||,,,,,Water]Landorus|LandorusTherian|RockyHelmet|Intimidate|StealthRock,EarthPower,Uturn,Taunt|Jolly|252,,4,,,252|N||||,,,,,Water\",\"rating\":1332}\n>player p2 {\"name\":\"SlimeQueenSamantha\",\"avatar\":\"queen.png\",\"team\":\"Lugia||HeavyDutyBoots|Multiscale|CalmMind,AirSlash,EarthPower,Recover|Timid|248,,8,,,252|N|,0,,,,|||,,,,,Ground]Blissey||HeavyDutyBoots|Caretaker|SoftBoiled,StealthRock,Toxic,SeismicToss|Bold|252,,252,,4,|N|,0,,,,|S||,,,,,Water]Registeel||Leftovers|Unaware|SlackOff,IronDefense,Amnesia,velvetpress|Calm|252,,,4,252,|N|,0,,,,|||,,,,,Fairy]Umbreon||Leftovers|MoonlitVenom|Recover,Toxic,KnockOff,Teleport|Careful|252,4,,,252,|N||||,,,,,Poison]Spiritomb||Leftovers|KeystoneLegion|soultoll,StrengthSap,PartingShot,WillOWisp|Careful|252,4,,,252,|N||S||,,,,,Dragon]Clodsire||HeavyDutyBoots|WaterAbsorb|ToxicSpikes,Punishment,Earthquake,Recover|Careful|248,8,244,,8,|N||||,,,,,Fire\",\"rating\":1544}\n>chat ☆Bunny Stockfish|Good luck! Playing on **stockfish**.\n>p1 team 1, 6, 4, 2, 5, 3\n>p2 team 4, 2, 3, 1, 5, 6\n>p1 move secretsword terastallize\n>p2 switch 6\n>p1 move secretsword\n>p2 move recover\n>p1 move secretsword\n>p2 move toxicspikes\n>p1 move secretsword\n>p2 move recover\n>p1 move secretsword\n>p2 move recover\n>p1 move secretsword\n>p2 move recover\n>p1 move secretsword\n>p2 move recover\n>p1 move secretsword\n>p2 move earthquake\n>p1 move secretsword\n>p2 move recover\n>p1 move secretsword\n>p2 move recover\n>p1 move secretsword\n>p2 move toxicspikes\n>p1 move secretsword\n>p2 move recover\n>p1 move secretsword\n>p2 move recover\n>p1 move secretsword\n>p2 move recover\n>p1 move secretsword\n>p2 move recover\n>p1 move secretsword\n>p2 move recover\n>p1 switch 5\n>p2 switch 5\n>p1 move velvetpress\n>p2 move soultoll\n>p1 switch 4\n>p1 move swordsdance\n>p2 move willowisp\n>p1 move carrionfeast dynamax\n>p2 move partingshot\n>p2 switch 3\n>p1 move carrionfeast dynamax\n>p2 move irondefense\n>p1 move carrionfeast dynamax\n>p2 move irondefense\n>p1 switch 6\n>p2 move amnesia\n>p1 move willowisp\n>p2 move velvetpress\n>p1 move strengthsap\n>p2 move amnesia\n>p1 switch 3\n>p2 move amnesia\n>p1 move spikes\n>p2 move slackoff\n>p1 move earthpower\n>p2 move velvetpress\n>p1 move earthpower\n>p2 move velvetpress\n>p1 switch 2\n>p1 move stealthrock\n>p2 move velvetpress\n>p1 switch 6\n>p1 move carrionfeast\n>p2 move velvetpress\n>p1 switch 3\n>p1 move strengthsap\n>p2 move velvetpress\n>p1 move soultoll\n>p2 move velvetpress\n>p1 switch 5\n>p1 move vacuumwave\n>p2 move velvetpress\n>p2 switch 3\n>p2 switch 5\n>p1 move vacuumwave\n>p2 move earthquake\n>p1 move vacuumwave\n>p2 move earthquake\n>p1 move vacuumwave\n>p2 move earthquake",
	"uploadtime": 1790882795
}