{
	"id": "gen9rprandombattle-10-tmoez3",
	"format": "[Gen 9] RP Random Battle",
	"players": [
		"Bunny Easy",
		"TheRedRecord7"
	],
	"rating": null,
	"log": "|j|☆Bunny Easy\n|j|☆TheRedRecord7\n|t:|1791656521\n|gametype|singles\n|player|p1|Bunny Easy|bunny.png|1073\n|player|p2|TheRedRecord7|265|1000\n|gen|9\n|tier|[Gen 9] RP Random Battle\n|rated|\n|rule|Species Clause: Limit one of each Pokémon\n|rule|HP Percentage Mod: HP is shown in percentages\n|rule|Sleep Clause Mod: Limit one foe put to sleep\n|rule|Illusion Level Mod: Illusion disguises the Pokémon's true level\n|\n|t:|1791656521\n|teamsize|p1|6\n|teamsize|p2|6\n|start\n|switch|p1a: Altaria|Altaria, L89, F|278/278\n|switch|p2a: Florges|Florges-Blue, L85, F|271/271\n|turn|1\n|c|☆Bunny Easy|Good luck! Playing on **easy**.\n|\n|t:|1791656544\n|-terastallize|p1a: Altaria|Steel\n|move|p1a: Altaria|Brave Bird|p2a: Florges\n|-crit|p2a: Florges\n|-damage|p2a: Florges|84/271\n|-damage|p1a: Altaria|216/278|[from] Recoil\n|move|p2a: Florges|Calm Mind|p2a: Florges\n|-boost|p2a: Florges|spa|1\n|-boost|p2a: Florges|spd|1\n|\n|-heal|p2a: Florges|100/271|[from] item: Leftovers\n|upkeep\n|turn|2\n|\n|t:|1791656561\n|-terastallize|p2a: Florges|Steel\n|move|p1a: Altaria|Brave Bird|p2a: Florges\n|-resisted|p2a: Florges\n|-damage|p2a: Florges|39/271\n|-damage|p1a: Altaria|196/278|[from] Recoil\n|move|p2a: Florges|Calm Mind|p2a: Florges\n|-boost|p2a: Florges|spa|1\n|-boost|p2a: Florges|spd|1\n|\n|-heal|p2a: Florges|55/271|[from] item: Leftovers\n|upkeep\n|turn|3\n|\n|t:|1791656570\n|move|p1a: Altaria|Earthquake|p2a: Florges\n|-supereffective|p2a: Florges\n|-damage|p2a: Florges|0 fnt\n|faint|p2a: Florges\n|\n|upkeep\n|\n|t:|1791656590\n|switch|p2a: Magmortar|Magmortar, L88, M|275/275\n|turn|4\n|\n|t:|1791656601\n|move|p2a: Magmortar|Fire Blast|p1a: Altaria\n|-supereffective|p1a: Altaria\n|-damage|p1a: Altaria|0 fnt\n|faint|p1a: Altaria\n|\n|upkeep\n|\n|t:|1791656601\n|switch|p1a: Tentacruel|Tentacruel, L84, F|272/272\n|turn|5\n|\n|t:|1791656613\n|move|p1a: Tentacruel|Sludge Bomb|p2a: Magmortar\n|-damage|p2a: Magmortar|197/275\n|move|p2a: Magmortar|Thunderbolt|p1a: Tentacruel\n|-supereffective|p1a: Tentacruel\n|-crit|p1a: Tentacruel\n|-damage|p1a: Tentacruel|66/272\n|\n|-heal|p1a: Tentacruel|83/272|[from] item: Leftovers\n|upkeep\n|turn|6\n|\n|t:|1791656649\n|move|p1a: Tentacruel|Sludge Bomb|p2a: Magmortar\n|-damage|p2a: Magmortar|116/275\n|move|p2a: Magmortar|Thunderbolt|p1a: Tentacruel\n|-supereffective|p1a: Tentacruel\n|-damage|p1a: Tentacruel|0 fnt\n|faint|p1a: Tentacruel\n|\n|upkeep\n|\n|t:|1791656650\n|switch|p1a: Archaludon|Archaludon, L78, F|268/268\n|turn|7\n|\n|t:|1791656663\n|move|p2a: Magmortar|Focus Blast|p1a: Archaludon\n|-supereffective|p1a: Archaludon\n|-damage|p1a: Archaludon|70/268\n|-ability|p1a: Archaludon|Stamina|boost\n|-boost|p1a: Archaludon|def|1\n|move|p1a: Archaludon|Flash Cannon|p2a: Magmortar\n|-resisted|p2a: Magmortar\n|-damage|p2a: Magmortar|74/275\n|\n|upkeep\n|turn|8\n|\n|t:|1791656671\n|move|p2a: Magmortar|Focus Blast|p1a: Archaludon\n|-supereffective|p1a: Archaludon\n|-crit|p1a: Archaludon\n|-damage|p1a: Archaludon|0 fnt\n|faint|p1a: Archaludon\n|\n|upkeep\n|\n|t:|1791656671\n|switch|p1a: Arceus|Arceus-Steel, L70|284/284\n|turn|9\n|\n|t:|1791656681\n|move|p1a: Arceus|Earth Power|p2a: Magmortar\n|-supereffective|p2a: Magmortar\n|-damage|p2a: Magmortar|0 fnt\n|faint|p2a: Magmortar\n|\n|upkeep\n|\n|t:|1791656686\n|switch|p2a: Keldeo|Keldeo-Resolute, L79|273/273\n|turn|10\n|c|☆TheRedRecord7|!data Justified\n|c|☆TheRedRecord7|/raw <ul class=\"utilichart\"><li class=\"result\"><span class=\"col namecol\"><a href=\"https://dex.pokemonshowdown.com/abilities/justified\">Justified</a></span> <span class=\"col abilitydesccol\">This Pokemon's Attack is raised by 1 stage after it is damaged by a Dark-type move.</span> </li><li style=\"clear:both\"></li></ul>\n\n|\n|t:|1791656730\n|move|p2a: Keldeo|Vacuum Wave|p1a: Arceus\n|-supereffective|p1a: Arceus\n|-damage|p1a: Arceus|152/284\n|move|p1a: Arceus|Judgment|p2a: Keldeo\n|-resisted|p2a: Keldeo\n|-damage|p2a: Keldeo|213/273\n|\n|upkeep\n|turn|11\n|\n|t:|1791656741\n|move|p2a: Keldeo|Vacuum Wave|p1a: Arceus\n|-supereffective|p1a: Arceus\n|-damage|p1a: Arceus|26/284\n|move|p1a: Arceus|Judgment|p2a: Keldeo\n|-resisted|p2a: Keldeo\n|-damage|p2a: Keldeo|157/273\n|\n|upkeep\n|turn|12\n|\n|t:|1791656747\n|move|p2a: Keldeo|Vacuum Wave|p1a: Arceus\n|-supereffective|p1a: Arceus\n|-damage|p1a: Arceus|0 fnt\n|faint|p1a: Arceus\n|\n|upkeep\n|\n|t:|1791656747\n|switch|p1a: Vivillon|Vivillon-Modern, L83, M|268/268\n|turn|13\n|\n|t:|1791656767\n|switch|p2a: Golduck|Golduck, L90, F|290/290\n|-ability|p2a: Golduck|Cloud Nine\n|move|p1a: Vivillon|Hurricane|p2a: Golduck\n|-damage|p2a: Golduck|173/290\n|\n|-heal|p2a: Golduck|191/290|[from] item: Leftovers\n|upkeep\n|turn|14\n|\n|t:|1791656792\n|switch|p2a: Gothitelle|Gothitelle, L90, F|272/272\n|move|p1a: Vivillon|Bug Buzz|p2a: Gothitelle\n|-supereffective|p2a: Gothitelle\n|-damage|p2a: Gothitelle|138/272\n|\n|-heal|p2a: Gothitelle|155/272|[from] item: Leftovers\n|upkeep\n|turn|15\n|\n|t:|1791656802\n|move|p1a: Vivillon|Bug Buzz|p2a: Gothitelle\n|-supereffective|p2a: Gothitelle\n|-damage|p2a: Gothitelle|9/272\n|move|p2a: Gothitelle|Thunderbolt|p1a: Vivillon\n|-supereffective|p1a: Vivillon\n|-damage|p1a: Vivillon|54/268\n|\n|-heal|p2a: Gothitelle|26/272|[from] item: Leftovers\n|upkeep\n|turn|16\n|\n|t:|1791656819\n|switch|p2a: Keldeo|Keldeo-Resolute, L79|157/273\n|move|p1a: Vivillon|Hurricane|p2a: Keldeo\n|-supereffective|p2a: Keldeo\n|-crit|p2a: Keldeo\n|-damage|p2a: Keldeo|0 fnt\n|faint|p2a: Keldeo\n|\n|upkeep\n|\n|t:|1791656825\n|switch|p2a: Iron Jugulis|Iron Jugulis, L77|271/271\n|turn|17\n|\n|t:|1791656841\n|move|p2a: Iron Jugulis|Meteor Beam||[still]\n|-prepare|p2a: Iron Jugulis|Meteor Beam\n|-boost|p2a: Iron Jugulis|spa|1\n|-enditem|p2a: Iron Jugulis|Power Herb\n|-anim|p2a: Iron Jugulis|Meteor Beam|p1a: Vivillon|[miss]\n|-miss|p2a: Iron Jugulis|p1a: Vivillon\n|move|p1a: Vivillon|Hurricane|p2a: Iron Jugulis\n|-damage|p2a: Iron Jugulis|136/271\n|\n|upkeep\n|turn|18\n|\n|t:|1791656851\n|move|p2a: Iron Jugulis|Hurricane|p1a: Vivillon\n|-supereffective|p1a: Vivillon\n|-damage|p1a: Vivillon|0 fnt\n|faint|p1a: Vivillon\n|\n|upkeep\n|\n|t:|1791656851\n|switch|p1a: Kricketune|Kricketune, L99, F|312/312\n|turn|19\n|\n|t:|1791656861\n|move|p2a: Iron Jugulis|Hurricane|p1a: Kricketune|[miss]\n|-miss|p2a: Iron Jugulis|p1a: Kricketune\n|move|p1a: Kricketune|Taunt|p2a: Iron Jugulis\n|-start|p2a: Iron Jugulis|move: Taunt\n|\n|upkeep\n|turn|20\n|\n|t:|1791656869\n|move|p2a: Iron Jugulis|Hurricane|p1a: Kricketune|[miss]\n|-miss|p2a: Iron Jugulis|p1a: Kricketune\n|move|p1a: Kricketune|Hive Frenzy|p2a: Iron Jugulis\n|-damage|p2a: Iron Jugulis|16/271\n|\n|upkeep\n|turn|21\n|\n|t:|1791656877\n|move|p2a: Iron Jugulis|Hurricane|p1a: Kricketune\n|-supereffective|p1a: Kricketune\n|-damage|p1a: Kricketune|0 fnt\n|faint|p1a: Kricketune\n|\n|win|TheRedRecord7\n",
	"inputlog": ">start {\"formatid\":\"gen9rprandombattle\",\"seed\":\"sodium,4dfe2f1b03a328bd65832a33b966ce3e\",\"rated\":\"Rated battle\"}\n>player p1 {\"name\":\"Bunny Easy\",\"avatar\":\"bunny.png\",\"rating\":1073,\"seed\":\"sodium,19a3abd9a3fe831139f1930287259b96\"}\n>player p2 {\"name\":\"TheRedRecord7\",\"avatar\":\"265\",\"rating\":1000,\"seed\":\"sodium,611f4a3ddb89b8865e381076b74a4177\"}\n>chat ☆Bunny Easy|Good luck! Playing on **easy**.\n>p1 move bravebird terastallize\n>p2 move calmmind\n>p1 move bravebird\n>p2 move calmmind terastallize\n>p1 move earthquake\n>p2 move moonblast\n>p2 switch 5\n>p1 move bravebird\n>p2 move fireblast\n>p1 switch 4\n>p1 move sludgebomb\n>p2 move thunderbolt\n>p1 move sludgebomb\n>p2 move thunderbolt\n>p1 switch 5\n>p1 move flashcannon\n>p2 move focusblast\n>p1 move flashcannon\n>p2 move focusblast\n>p1 switch 3\n>p1 move earthpower\n>p2 move fireblast\n>p2 switch 4\n>chat ☆TheRedRecord7|!data Justified\n>p1 move judgment\n>p2 move vacuumwave\n>p1 move judgment\n>p2 move vacuumwave\n>p1 move judgment\n>p2 move vacuumwave\n>p1 switch 6\n>p1 move hurricane\n>p2 switch 6\n>p1 move bugbuzz\n>p2 switch 2\n>p1 move bugbuzz\n>p2 move thunderbolt\n>p1 move hurricane\n>p2 switch 6\n>p2 switch 3\n>p1 move hurricane\n>p2 move meteorbeam\n>p1 move bugbuzz\n>p2 move hurricane\n>p1 switch 2\n>p1 move taunt\n>p2 move hurricane\n>p1 move hivefrenzy\n>p2 move hurricane\n>p1 move hivefrenzy\n>p2 move hurricane",
	"uploadtime": 1791656877
}