{
	"id": "gen9rpou-1-tlvuiv",
	"format": "[Gen 9] RP OU",
	"players": [
		"Bunny Stockfish",
		"SlimeQueenSamantha"
	],
	"rating": null,
	"log": "|j|☆Bunny Stockfish\n|j|☆SlimeQueenSamantha\n|t:|1790277795\n|gametype|singles\n|badge|p1|bronze|gen9rpou|3-3\n|badge|p2|silver|gen9rpou|2-2\n|player|p1|Bunny Stockfish|bunny.png|1362\n|player|p2|SlimeQueenSamantha|queen.png|1440\n|gen|9\n|tier|[Gen 9] RP OU\n|rated|\n|rule|HP Percentage Mod: HP is shown in percentages\n|rule|Endless Battle Clause: Forcing endless battles is banned\n|rule|Species Clause: Limit one of each Pokémon\n|rule|OHKO Clause: OHKO moves are banned\n|rule|Evasion Clause: Evasion abilities, items, and moves are banned\n|rule|Evasion Abilities Clause: Evasion abilities are banned\n|rule|Evasion Items Clause: Evasion items are banned\n|rule|Evasion Moves Clause: Evasion moves are banned\n|rule|Sleep Clause Mod: Limit one foe put to sleep\n|clearpoke\n|poke|p1|Lucario|\n|poke|p1|Tinkaton|\n|poke|p1|Enamorus-Therian|\n|poke|p1|Vaporeon|\n|poke|p1|Garchomp|\n|poke|p1|Kingambit|\n|poke|p2|Banette, F|\n|poke|p2|Ursaluna-Bloodmoon, M|\n|poke|p2|Magearna|\n|poke|p2|Hatterene, F|\n|poke|p2|Kingambit|\n|poke|p2|Stakataka|\n|teampreview\n|c|☆Bunny Stockfish|Good luck! Playing on **stockfish**.\n|\n|t:|1790277807\n|teamsize|p1|6\n|teamsize|p2|6\n|start\n|switch|p1a: Tinkaton|Tinkaton|100/100\n|switch|p2a: Banette|Banette, F, shiny|100/100\n|-ability|p1a: Tinkaton|Mold Breaker\n|-item|p1a: Tinkaton|Air Balloon\n|-item|p1a: Tinkaton|Air Balloon|[from] ability: Frisk|[of] p2a: Banette\n|turn|1\n|\n|t:|1790277810\n|detailschange|p2a: Banette|Banette-Mega-Halloween, F, shiny\n|-mega|p2a: Banette|Banette|Banettite-Halloween\n|-ability|p2a: Banette|Witching Hour\n|-message|The Witching Hour has struck! Banette's tricks can't be stopped, not even by Dark types!\n|-message|Banette's Poltergeist became Witch's Snatch!\n|move|p1a: Tinkaton|Gigaton Hammer|p2a: Banette\n|-damage|p2a: Banette|28/100\n|move|p2a: Banette|Witch's Snatch|p1a: Tinkaton\n|-damage|p1a: Tinkaton|0 fnt\n|-enditem|p1a: Tinkaton|Air Balloon\n|faint|p1a: Tinkaton\n|\n|upkeep\n|\n|t:|1790277811\n|switch|p1a: Enamorus|Enamorus-Therian|100/100\n|turn|2\n|\n|t:|1790277821\n|-start|p1a: Enamorus|Dynamax|\n|-heal|p1a: Enamorus|100/100|[silent]\n|move|p2a: Banette|Witch's Snatch|p1a: Enamorus\n|-damage|p1a: Enamorus|32/100\n|-enditem|p1a: Enamorus|Choice Specs|[from] move: Witch's Snatch|[of] p2a: Banette\n|-start|p1a: Enamorus|typeadd|Ghost|[from] move: Witch's Snatch\n|move|p1a: Enamorus|Max Starfall|p2a: Banette\n|-supereffective|p2a: Banette\n|-damage|p2a: Banette|0 fnt\n|-fieldstart|move: Misty Terrain\n|faint|p2a: Banette\n|detailschange|p2: Banette|Banette, F, shiny|[silent]\n|\n|upkeep\n|\n|t:|1790277837\n|switch|p2a: Kingambit|Kingambit|100/100\n|-activate|p2a: Kingambit|ability: Supreme Overlord\n|-start|p2a: Kingambit|fallen1|[silent]\n|turn|3\n|\n|t:|1790277840\n|-end|p1a: Enamorus|Dynamax\n|-heal|p1a: Enamorus|32/100|[silent]\n|switch|p1a: Kingambit|Kingambit|100/100\n|-activate|p1a: Kingambit|ability: Supreme Overlord\n|-start|p1a: Kingambit|fallen1|[silent]\n|move|p2a: Kingambit|Knock Off|p1a: Kingambit\n|-resisted|p1a: Kingambit\n|-damage|p1a: Kingambit|78/100\n|-enditem|p1a: Kingambit|Leftovers|[from] move: Knock Off|[of] p2a: Kingambit\n|\n|upkeep\n|turn|4\n|\n|t:|1790277846\n|move|p1a: Kingambit|Swords Dance|p1a: Kingambit\n|-boost|p1a: Kingambit|atk|2\n|move|p2a: Kingambit|Swords Dance|p2a: Kingambit\n|-boost|p2a: Kingambit|atk|2\n|\n|upkeep\n|turn|5\n|\n|t:|1790277849\n|move|p1a: Kingambit|Kowtow Cleave|p2a: Kingambit\n|-resisted|p2a: Kingambit\n|-damage|p2a: Kingambit|60/100\n|move|p2a: Kingambit|Swords Dance|p2a: Kingambit\n|-boost|p2a: Kingambit|atk|2\n|\n|-heal|p2a: Kingambit|67/100|[from] item: Leftovers\n|upkeep\n|turn|6\n|\n|t:|1790277852\n|move|p2a: Kingambit|Knock Off|p1a: Kingambit\n|-resisted|p1a: Kingambit\n|-damage|p1a: Kingambit|35/100\n|move|p1a: Kingambit|Kowtow Cleave|p2a: Kingambit\n|-resisted|p2a: Kingambit\n|-damage|p2a: Kingambit|24/100\n|\n|-heal|p2a: Kingambit|30/100|[from] item: Leftovers\n|-fieldend|Misty Terrain\n|upkeep\n|turn|7\n|\n|t:|1790277855\n|-end|p1a: Kingambit|fallen1|[silent]\n|switch|p1a: Lucario|Lucario|100/100\n|move|p2a: Kingambit|Knock Off|p1a: Lucario\n|-resisted|p1a: Lucario\n|-damage|p1a: Lucario|0 fnt\n|-enditem|p1a: Lucario|Life Orb|[from] move: Knock Off|[of] p2a: Kingambit\n|faint|p1a: Lucario\n|\n|-heal|p2a: Kingambit|36/100|[from] item: Leftovers\n|upkeep\n|\n|t:|1790277855\n|switch|p1a: Garchomp|Garchomp|100/100\n|turn|8\n|\n|t:|1790277859\n|move|p2a: Kingambit|Sucker Punch|p1a: Garchomp\n|-damage|p1a: Garchomp|0 fnt\n|-damage|p2a: Kingambit|24/100|[from] ability: Rough Skin|[of] p1a: Garchomp\n|faint|p1a: Garchomp\n|\n|-heal|p2a: Kingambit|30/100|[from] item: Leftovers\n|upkeep\n|\n|t:|1790277859\n|switch|p1a: Enamorus|Enamorus-Therian|32/100\n|turn|9\n|\n|t:|1790277862\n|move|p2a: Kingambit|Iron Head|p1a: Enamorus\n|-supereffective|p1a: Enamorus\n|-damage|p1a: Enamorus|0 fnt\n|faint|p1a: Enamorus\n|\n|-heal|p2a: Kingambit|36/100|[from] item: Leftovers\n|upkeep\n|\n|t:|1790277862\n|switch|p1a: Kingambit|Kingambit|35/100\n|-activate|p1a: Kingambit|ability: Supreme Overlord\n|-start|p1a: Kingambit|fallen4|[silent]\n|turn|10\n|\n|t:|1790277865\n|move|p1a: Kingambit|Sucker Punch|p2a: Kingambit\n|-resisted|p2a: Kingambit\n|-damage|p2a: Kingambit|16/100\n|move|p2a: Kingambit|Sucker Punch||[still]\n|-fail|p2a: Kingambit\n|\n|-heal|p2a: Kingambit|22/100|[from] item: Leftovers\n|upkeep\n|turn|11\n|\n|t:|1790277867\n|move|p2a: Kingambit|Sucker Punch|p1a: Kingambit\n|-resisted|p1a: Kingambit\n|-damage|p1a: Kingambit|0 fnt\n|faint|p1a: Kingambit\n|-end|p1a: Kingambit|fallen4|[silent]\n|\n|-heal|p2a: Kingambit|28/100|[from] item: Leftovers\n|upkeep\n|\n|t:|1790277867\n|switch|p1a: Vaporeon|Vaporeon|100/100\n|turn|12\n|\n|t:|1790277869\n|move|p1a: Vaporeon|Scald|p2a: Kingambit\n|-damage|p2a: Kingambit|0 fnt\n|faint|p2a: Kingambit\n|-end|p2a: Kingambit|fallen1|[silent]\n|\n|upkeep\n|\n|t:|1790277874\n|switch|p2a: Magearna|Magearna|100/100\n|turn|13\n|\n|t:|1790277877\n|move|p1a: Vaporeon|Scald|p2a: Magearna\n|-damage|p2a: Magearna|75/100\n|move|p2a: Magearna|Fleur Cannon|p1a: Vaporeon\n|-damage|p1a: Vaporeon|58/100\n|-unboost|p2a: Magearna|spa|2\n|\n|-heal|p1a: Vaporeon|65/100|[from] item: Leftovers\n|-heal|p2a: Magearna|81/100|[from] item: Leftovers\n|upkeep\n|turn|14\n|\n|t:|1790277880\n|move|p1a: Vaporeon|Scald|p2a: Magearna\n|-damage|p2a: Magearna|56/100\n|-status|p2a: Magearna|brn\n|move|p2a: Magearna|Volt Switch|p1a: Vaporeon\n|-supereffective|p1a: Vaporeon\n|-damage|p1a: Vaporeon|49/100\n|\n|t:|1790277883\n|switch|p2a: Stakataka|Stakataka|100/100|[from] Volt Switch\n|\n|-heal|p1a: Vaporeon|55/100|[from] item: Leftovers\n|upkeep\n|turn|15\n|\n|t:|1790277887\n|-terastallize|p2a: Stakataka|Rock\n|move|p1a: Vaporeon|Scald|p2a: Stakataka\n|-supereffective|p2a: Stakataka\n|-damage|p2a: Stakataka|34/100\n|move|p2a: Stakataka|Stone Edge|p1a: Vaporeon\n|-damage|p1a: Vaporeon|0 fnt\n|faint|p1a: Vaporeon\n|-damage|p2a: Stakataka|24/100|[from] item: Life Orb\n|\n|win|SlimeQueenSamantha\n",
	"inputlog": ">start {\"formatid\":\"gen9rpou\",\"seed\":\"sodium,3dc6419d2c54d4615a822642aed484af\",\"rated\":\"Rated battle\"}\n>player p1 {\"name\":\"Bunny Stockfish\",\"avatar\":\"bunny.png\",\"team\":\"Lucario||LifeOrb|InnerFocus|SteelBeam,UpperHand,ForcePalm,Roar|Adamant|4,252,,,,252|N||||,,,,,Fighting]Tinkaton||AirBalloon|MoldBreaker|StealthRock,GigatonHammer,CragHammer,KnockOff|Jolly|252,,,,24,232|N||||,,,,,Ghost]Enamorus|EnamorusTherian|ChoiceSpecs|Overcoat|Moonblast,EarthPower,MysticalFire,DrainingKiss|Quiet|248,,8,252,,|N|,0,,,,0|||,,,,,Fairy]Vaporeon||Leftovers|LiquidBody|Scald,Wish,Protect,IceBeam|Calm|252,,4,,252,|N|,0,,,,|||,,,,,Ghost]Garchomp||LoadedDice|RoughSkin|SwordsDance,ScaleShot,Earthquake,FireFang|Jolly|,252,,,4,252|N||||,,,,,Ghost]Kingambit||Leftovers|SupremeOverlord|SwordsDance,SuckerPunch,KowtowCleave,IronHead|Adamant|252,252,,,4,|N||||,,,,,Dark\",\"rating\":1362}\n>player p2 {\"name\":\"SlimeQueenSamantha\",\"avatar\":\"queen.png\",\"team\":\"Banette||BanettiteHalloween|Frisk|Poltergeist,ShadowSneak,DestinyBond,twilightexit|Adamant|4,252,,,,252|F||S||,,,,,Ghost]Ursaluna|UrsalunaBloodmoon|Leftovers|MindsEye|CalmMind,BloodMoon,HyperVoice,EarthPower|Modest|252,,4,252,,|M||||,,,,,Normal]Magearna||Leftovers|SoulHeart|TrickRoom,VoltSwitch,FleurCannon,FlashCannon|Quiet|252,,,252,4,|N|,0,,,,|||,,,,,Steel]Hatterene||FocusSash|MagicBounce|TrickRoom,PsychicNoise,DazzlingGleam,HealingWish|Quiet|252,,4,252,,|F|,0,,,,0|||,,,,,Water]Kingambit||Leftovers|SupremeOverlord|KnockOff,SuckerPunch,IronHead,SwordsDance|Adamant|252,252,,,4,|N||||,,,,,Dark]Stakataka||LifeOrb|BeastBoost|TrickRoom,GyroBall,StoneEdge,Earthquake|Lonely|252,252,,,4,|N|,,15,,,0|||,,,,,Rock\",\"rating\":1440}\n>chat ☆Bunny Stockfish|Good luck! Playing on **stockfish**.\n>p1 team 2, 5, 1, 4, 6, 3\n>p2 team 1, 2, 3, 4, 5, 6\n>p1 move gigatonhammer\n>p2 move poltergeist mega\n>p1 switch 6\n>p1 move moonblast dynamax\n>p2 move witchssnatch\n>p2 switch 5\n>p1 switch 5\n>p2 move knockoff\n>p1 move swordsdance\n>p2 move swordsdance\n>p1 move kowtowcleave\n>p2 move swordsdance\n>p1 move kowtowcleave\n>p2 move knockoff\n>p1 switch 3\n>p2 move knockoff\n>p1 switch 2\n>p1 move earthquake\n>p2 move suckerpunch\n>p1 switch 5\n>p1 move earthpower\n>p2 move ironhead\n>p1 switch 3\n>p1 move suckerpunch\n>p2 move suckerpunch\n>p1 move suckerpunch\n>p2 move suckerpunch\n>p1 switch 4\n>p1 move scald\n>p2 move knockoff\n>p2 switch 3\n>p1 move scald\n>p2 move fleurcannon\n>p1 move scald\n>p2 move voltswitch\n>p2 switch 6\n>p1 move scald\n>p2 move stoneedge terastallize",
	"uploadtime": 1790277887
}