{
	"id": "gen9rpou-4-tliry4",
	"format": "[Gen 9] RP OU",
	"players": [
		"Bunny Stockfish",
		"SlimeQueenSamantha"
	],
	"rating": null,
	"log": "|j|☆Bunny Stockfish\n|j|☆SlimeQueenSamantha\n|t:|1789668080\n|gametype|singles\n|player|p1|Bunny Stockfish|bunny.png|1332\n|player|p2|SlimeQueenSamantha|queen.png|1469\n|gen|9\n|tier|[Gen 9] RP OU\n|rated|\n|rule|HP Percentage Mod: HP is shown in percentages\n|rule|Endless Battle Clause: Forcing endless battles is banned\n|rule|Species Clause: Limit one of each Pokémon\n|rule|OHKO Clause: OHKO moves are banned\n|rule|Evasion Clause: Evasion abilities, items, and moves are banned\n|rule|Evasion Abilities Clause: Evasion abilities are banned\n|rule|Evasion Items Clause: Evasion items are banned\n|rule|Evasion Moves Clause: Evasion moves are banned\n|rule|Sleep Clause Mod: Limit one foe put to sleep\n|clearpoke\n|poke|p1|Kingambit|\n|poke|p1|Cinderace|\n|poke|p1|Moltres|\n|poke|p1|Gholdengo|\n|poke|p1|Iron Valiant|\n|poke|p1|Sinistcha|\n|poke|p2|Spiritomb|\n|poke|p2|Glaceon|\n|poke|p2|Garchomp|\n|poke|p2|Roserade|\n|poke|p2|Togekiss|\n|poke|p2|Lucario|\n|teampreview\n|c|☆Bunny Stockfish|Good luck! Playing on **stockfish**.\n|\n|t:|1789668086\n|teamsize|p1|6\n|teamsize|p2|6\n|start\n|switch|p1a: Gholdengo|Gholdengo|100/100\n|switch|p2a: Garchomp|Garchomp|100/100\n|-item|p1a: Gholdengo|Air Balloon\n|turn|1\n|\n|t:|1789668089\n|-start|p1a: Gholdengo|Dynamax|\n|-heal|p1a: Gholdengo|100/100|[silent]\n|move|p1a: Gholdengo|Max Steelspike|p2a: Garchomp\n|-damage|p2a: Garchomp|39/100\n|-boost|p1a: Gholdengo|def|1\n|move|p2a: Garchomp|Dragon Tail|p1a: Gholdengo\n|-resisted|p1a: Gholdengo\n|-damage|p1a: Gholdengo|97/100\n|-block|p1a: Gholdengo|Dynamax\n|-enditem|p1a: Gholdengo|Air Balloon\n|\n|upkeep\n|turn|2\n|\n|t:|1789668104\n|move|p2a: Garchomp|Stealth Rock|p1a: Gholdengo\n|-sidestart|p1: Bunny Stockfish|move: Stealth Rock\n|move|p1a: Gholdengo|Max Steelspike|p2a: Garchomp\n|-damage|p2a: Garchomp|0 fnt\n|-boost|p1a: Gholdengo|def|1\n|faint|p2a: Garchomp\n|\n|upkeep\n|\n|t:|1789668112\n|switch|p2a: Lucario|Lucario|100/100\n|turn|3\n|\n|t:|1789668115\n|detailschange|p2a: Lucario|Lucario-Mega-Z\n|-mega|p2a: Lucario|Lucario|Lucarionite Z\n|move|p2a: Lucario|Nasty Plot|p2a: Lucario\n|-boost|p2a: Lucario|spa|2\n|move|p1a: Gholdengo|Max Phantasm|p2a: Lucario\n|-damage|p2a: Lucario|13/100\n|-unboost|p2a: Lucario|def|1\n|\n|upkeep\n|-end|p1a: Gholdengo|Dynamax\n|-heal|p1a: Gholdengo|97/100|[silent]\n|turn|4\n|\n|t:|1789668118\n|move|p2a: Lucario|Flash Cannon|p1a: Gholdengo\n|-resisted|p1a: Gholdengo\n|-damage|p1a: Gholdengo|45/100\n|move|p1a: Gholdengo|Shadow Ball|p2a: Lucario\n|-damage|p2a: Lucario|0 fnt\n|faint|p2a: Lucario\n|detailschange|p2: Lucario|Lucario|[silent]\n|\n|upkeep\n|\n|t:|1789668121\n|switch|p2a: Togekiss|Togekiss|100/100\n|turn|5\n|\n|t:|1789668122\n|switch|p1a: Moltres|Moltres|100/100\n|move|p2a: Togekiss|Alluring Voice|p1a: Moltres\n|-resisted|p1a: Moltres\n|-damage|p1a: Moltres|79/100\n|\n|upkeep\n|turn|6\n|\n|t:|1789668127\n|switch|p2a: Roserade|Roserade|100/100\n|-ability|p2a: Roserade|Masquerade\n|-start|p1a: Moltres|move: Taunt\n|move|p1a: Moltres|Flamethrower|p2a: Roserade\n|-supereffective|p2a: Roserade\n|-damage|p2a: Roserade|11/100\n|\n|upkeep\n|turn|7\n|\n|t:|1789668130\n|move|p2a: Roserade|Oxidize|p1a: Moltres\n|-crit|p1a: Moltres\n|-damage|p1a: Moltres|25/100\n|move|p1a: Moltres|Flamethrower|p2a: Roserade\n|-supereffective|p2a: Roserade\n|-damage|p2a: Roserade|0 fnt\n|faint|p2a: Roserade\n|\n|upkeep\n|\n|t:|1789668132\n|switch|p2a: Glaceon|Glaceon|100/100\n|-weather|Snowscape|[from] ability: Diamond Dust|[of] p2a: Glaceon\n|turn|8\n|\n|t:|1789668135\n|switch|p1a: Kingambit|Kingambit|100/100\n|-damage|p1a: Kingambit|94/100|[from] Stealth Rock\n|-item|p1a: Kingambit|Air Balloon\n|-terastallize|p2a: Glaceon|Ice\n|move|p2a: Glaceon|Blizzard|p1a: Kingambit\n|-resisted|p1a: Kingambit\n|-damage|p1a: Kingambit|28/100\n|-enditem|p1a: Kingambit|Air Balloon\n|-damage|p2a: Glaceon|91/100|[from] item: Life Orb\n|\n|-weather|Snowscape|[upkeep]\n|upkeep\n|turn|9\n|\n|t:|1789668138\n|-end|p1a: Kingambit|fallenundefined|[silent]\n|switch|p1a: Cinderace|Cinderace|100/100\n|move|p2a: Glaceon|Aurora Veil|p2a: Glaceon\n|-sidestart|p2: SlimeQueenSamantha|move: Aurora Veil\n|\n|-weather|Snowscape|[upkeep]\n|upkeep\n|turn|10\n|\n|t:|1789668141\n|-terastallize|p1a: Cinderace|Fire\n|move|p2a: Glaceon|Earth Power|p1a: Cinderace\n|-supereffective|p1a: Cinderace\n|-damage|p1a: Cinderace|0 fnt\n|faint|p1a: Cinderace\n|-damage|p2a: Glaceon|81/100|[from] item: Life Orb\n|\n|-weather|Snowscape|[upkeep]\n|upkeep\n|\n|t:|1789668141\n|switch|p1a: Iron Valiant|Iron Valiant|100/100\n|-damage|p1a: Iron Valiant|94/100|[from] Stealth Rock\n|turn|11\n|\n|t:|1789668145\n|move|p2a: Glaceon|Blizzard|p1a: Iron Valiant\n|-damage|p1a: Iron Valiant|0 fnt\n|faint|p1a: Iron Valiant\n|-end|p1a: Iron Valiant|Quark Drive|[silent]\n|-damage|p2a: Glaceon|71/100|[from] item: Life Orb\n|\n|-weather|Snowscape|[upkeep]\n|upkeep\n|\n|t:|1789668145\n|switch|p1a: Gholdengo|Gholdengo|45/100\n|-damage|p1a: Gholdengo|39/100|[from] Stealth Rock\n|turn|12\n|\n|t:|1789668148\n|move|p2a: Glaceon|Earth Power|p1a: Gholdengo\n|-supereffective|p1a: Gholdengo\n|-damage|p1a: Gholdengo|0 fnt\n|faint|p1a: Gholdengo\n|-damage|p2a: Glaceon|61/100|[from] item: Life Orb\n|\n|-weather|none\n|upkeep\n|\n|t:|1789668148\n|switch|p1a: Sinistcha|Sinistcha|100/100\n|turn|13\n|\n|t:|1789668150\n|move|p2a: Glaceon|Blizzard|p1a: Sinistcha\n|-supereffective|p1a: Sinistcha\n|-damage|p1a: Sinistcha|0 fnt\n|faint|p1a: Sinistcha\n|-damage|p2a: Glaceon|51/100|[from] item: Life Orb\n|\n|-sideend|p2: SlimeQueenSamantha|move: Aurora Veil\n|upkeep\n|\n|t:|1789668150\n|switch|p1a: Moltres|Moltres|25/100\n|turn|14\n|\n|t:|1789668154\n|move|p2a: Glaceon|Blizzard|p1a: Moltres\n|-damage|p1a: Moltres|0 fnt\n|faint|p1a: Moltres\n|-damage|p2a: Glaceon|41/100|[from] item: Life Orb\n|\n|upkeep\n|\n|t:|1789668154\n|switch|p1a: Kingambit|Kingambit|28/100\n|-damage|p1a: Kingambit|22/100|[from] Stealth Rock\n|-activate|p1a: Kingambit|ability: Supreme Overlord\n|-start|p1a: Kingambit|fallen5|[silent]\n|turn|15\n|\n|t:|1789668156\n|move|p2a: Glaceon|Earth Power|p1a: Kingambit\n|-supereffective|p1a: Kingambit\n|-damage|p1a: Kingambit|0 fnt\n|faint|p1a: Kingambit\n|-end|p1a: Kingambit|fallen5|[silent]\n|-damage|p2a: Glaceon|31/100|[from] item: Life Orb\n|\n|win|SlimeQueenSamantha\n",
	"inputlog": ">start {\"formatid\":\"gen9rpou\",\"seed\":\"sodium,068d03357945f556de3d8ac04955a993\",\"rated\":\"Rated battle\"}\n>player p1 {\"name\":\"Bunny Stockfish\",\"avatar\":\"bunny.png\",\"team\":\"Kingambit||AirBalloon|SupremeOverlord|SwordsDance,SuckerPunch,KowtowCleave,IronHead|Adamant|,252,4,,,252|N||||,,,,,Fighting]Cinderace||HeavyDutyBoots|Libero|PyroBall,Uturn,CourtChange,GunkShot|Jolly|,252,,,4,252|N||||,,,,,Fire]Moltres||HeavyDutyBoots|FlameBody|Flamethrower,Roost,WillOWisp,Roar|Bold|248,,248,,,12|N||||,,,,,Grass]Gholdengo||AirBalloon|GoodasGold|NastyPlot,ShadowBall,Recover,MakeItRain|Bold|252,,196,,,60|N||||,,,,,Water]Iron Valiant||ChoiceSpecs|QuarkDrive|Moonblast,ShadowBall,FocusBlast,Trick|Timid|,,,252,4,252|N||||,,,,,Ghost]Sinistcha||HeavyDutyBoots|Heatproof|CalmMind,MatchaGotcha,ShadowBall,StrengthSap|Bold|252,,252,,4,|N||||,,,,,Poison\",\"rating\":1332}\n>player p2 {\"name\":\"SlimeQueenSamantha\",\"avatar\":\"queen.png\",\"team\":\"Spiritomb||Leftovers|KeystoneLegion|SoulToll,StrengthSap,PartingShot,WillOWisp|Calm|252,,4,,252,|N||||,,,,,Fairy]Glaceon||LifeOrb|DiamondDust|Blizzard,FreezeDry,AuroraVeil,EarthPower|Modest|,,4,252,,252|N|,0,,,,|||,,,,,Ice]Garchomp||RockyHelmet|RoughSkin|Earthquake,DragonTail,StealthRock,Spikes|Impish|252,,216,,,40|N||||,,,,,Ghost]Roserade||HeavyDutyBoots|Masquerade|ThornedBouquet,Oxidize,NastyPlot,MortalSpin|Timid|,,,252,4,252|N||||,,,,,Water]Togekiss||ChoiceScarf|SereneGrace|AirSlash,Uturn,AlluringVoice,Flamethrower|Timid|,,,252,4,252|N||||,,,,,Flying]Lucario||LucarioniteZ|Steadfast|NastyPlot,AuraSphere,FlashCannon,HiddenPowerIce|Timid|,,,252,,252|N|,0,,,,|||,Ice,,,,Ghost\",\"rating\":1469}\n>chat ☆Bunny Stockfish|Good luck! Playing on **stockfish**.\n>p1 team 4, 2, 5, 3, 1, 6\n>p2 team 3, 2, 1, 4, 5, 6\n>p1 move makeitrain dynamax\n>p2 move dragontail\n>p1 move makeitrain dynamax\n>p2 move stealthrock\n>p2 switch 6\n>p1 move shadowball dynamax\n>p2 move nastyplot mega\n>p1 move shadowball\n>p2 move flashcannon\n>p2 switch 5\n>p1 switch 4\n>p2 move alluringvoice\n>p1 move flamethrower\n>p2 switch 4\n>p1 move flamethrower\n>p2 move oxidize\n>p2 switch 2\n>p1 switch 5\n>p2 move blizzard terastallize\n>p1 switch 2\n>p2 move auroraveil\n>p1 move pyroball terastallize\n>p2 move earthpower\n>p1 switch 3\n>p1 move focusblast\n>p2 move blizzard\n>p1 switch 4\n>p1 move makeitrain\n>p2 move earthpower\n>p1 switch 6\n>p1 move matchagotcha\n>p2 move blizzard\n>p1 switch 5\n>p1 move flamethrower\n>p2 move blizzard\n>p1 switch 2\n>p1 move ironhead\n>p2 move earthpower",
	"uploadtime": 1789668156
}