{
	"id": "gen9rprandombattle-1-tls6zd",
	"format": "[Gen 9] RP Random Battle",
	"players": [
		"Bunny Easy",
		"StaleThunder126"
	],
	"rating": null,
	"log": "|j|☆Bunny Easy\n|j|☆StaleThunder126\n|t:|1790106559\n|gametype|singles\n|player|p1|Bunny Easy|bunny.png|1047\n|player|p2|StaleThunder126|jolt.png|1000\n|gen|9\n|tier|[Gen 9] RP Random Battle\n|rated|\n|rule|Species Clause: Limit one of each Pokémon\n|rule|HP Percentage Mod: HP is shown in percentages\n|rule|Sleep Clause Mod: Limit one foe put to sleep\n|rule|Illusion Level Mod: Illusion disguises the Pokémon's true level\n|\n|t:|1790106559\n|teamsize|p1|6\n|teamsize|p2|6\n|start\n|switch|p1a: Raging Bolt|Raging Bolt, L78|323/323\n|switch|p2a: Hydrapple|Hydrapple, L83, M|312/312\n|turn|1\n|c|☆Bunny Easy|Good luck! Playing on **easy**.\n|\n|t:|1790106591\n|-terastallize|p1a: Raging Bolt|Electric\n|move|p1a: Raging Bolt|Draco Meteor|p2a: Hydrapple\n|-supereffective|p2a: Hydrapple\n|-damage|p2a: Hydrapple|66/312\n|-unboost|p1a: Raging Bolt|spa|2\n|move|p2a: Hydrapple|Fickle Beam|p1a: Raging Bolt\n|-damage|p1a: Raging Bolt|253/323\n|\n|upkeep\n|turn|2\n|\n|t:|1790106606\n|move|p1a: Raging Bolt|Draco Meteor|p2a: Hydrapple\n|-supereffective|p2a: Hydrapple\n|-damage|p2a: Hydrapple|0 fnt\n|-unboost|p1a: Raging Bolt|spa|2\n|faint|p2a: Hydrapple\n|\n|upkeep\n|\n|t:|1790106636\n|switch|p2a: Vigoroth|Vigoroth, L85, M|275/275\n|turn|3\n|\n|t:|1790106643\n|move|p2a: Vigoroth|Earthquake|p1a: Raging Bolt\n|-supereffective|p1a: Raging Bolt\n|-damage|p1a: Raging Bolt|117/323\n|move|p1a: Raging Bolt|Draco Meteor|p2a: Vigoroth\n|-damage|p2a: Vigoroth|229/275\n|-unboost|p1a: Raging Bolt|spa|2\n|\n|upkeep\n|turn|4\n|\n|t:|1790106651\n|move|p2a: Vigoroth|Earthquake|p1a: Raging Bolt\n|-supereffective|p1a: Raging Bolt\n|-damage|p1a: Raging Bolt|0 fnt\n|faint|p1a: Raging Bolt\n|-end|p1a: Raging Bolt|Protosynthesis|[silent]\n|\n|upkeep\n|\n|t:|1790106651\n|switch|p1a: Yanmega|Yanmega, L82, F|275/275\n|turn|5\n|\n|t:|1790106662\n|move|p1a: Yanmega|Bug Buzz|p2a: Vigoroth\n|-damage|p2a: Vigoroth|127/275\n|-unboost|p2a: Vigoroth|spd|1\n|move|p2a: Vigoroth|Body Slam|p1a: Yanmega\n|-damage|p1a: Yanmega|191/275\n|-status|p1a: Yanmega|par\n|\n|-ability|p1a: Yanmega|Speed Boost|boost\n|-boost|p1a: Yanmega|spe|1\n|upkeep\n|turn|6\n|\n|t:|1790106691\n|move|p2a: Vigoroth|Body Slam|p1a: Yanmega\n|-damage|p1a: Yanmega|107/275 par\n|move|p1a: Yanmega|Tera Blast|p2a: Vigoroth\n|-crit|p2a: Vigoroth\n|-damage|p2a: Vigoroth|0 fnt\n|faint|p2a: Vigoroth\n|\n|-ability|p1a: Yanmega|Speed Boost|boost\n|-boost|p1a: Yanmega|spe|1\n|upkeep\n|\n|t:|1790106712\n|switch|p2a: Lugia|Lugia, L73|275/275\n|turn|7\n|\n|t:|1790106718\n|move|p2a: Lugia|Aeroblast|p1a: Yanmega\n|-supereffective|p1a: Yanmega\n|-damage|p1a: Yanmega|0 fnt\n|faint|p1a: Yanmega\n|\n|upkeep\n|\n|t:|1790106718\n|switch|p1a: Seviper|Seviper, L93, M|287/287\n|turn|8\n|\n|t:|1790106726\n|move|p2a: Lugia|Earth Power|p1a: Seviper\n|-supereffective|p1a: Seviper\n|-damage|p1a: Seviper|179/287\n|move|p1a: Seviper|Gunk Shot|p2a: Lugia|[miss]\n|-miss|p1a: Seviper|p2a: Lugia\n|\n|upkeep\n|turn|9\n|\n|t:|1790106734\n|move|p2a: Lugia|Earth Power|p1a: Seviper\n|-supereffective|p1a: Seviper\n|-damage|p1a: Seviper|67/287\n|move|p1a: Seviper|Gunk Shot|p2a: Lugia\n|-damage|p2a: Lugia|187/275\n|-damage|p1a: Seviper|39/287|[from] item: Life Orb\n|\n|upkeep\n|turn|10\n|\n|t:|1790106743\n|move|p2a: Lugia|Earth Power|p1a: Seviper\n|-supereffective|p1a: Seviper\n|-damage|p1a: Seviper|0 fnt\n|faint|p1a: Seviper\n|\n|upkeep\n|\n|t:|1790106743\n|switch|p1a: Salamence|Salamence, L77, F|273/273\n|-ability|p1a: Salamence|Intimidate|boost\n|-unboost|p2a: Lugia|atk|1\n|turn|11\n|\n|t:|1790106770\n|move|p2a: Lugia|Aeroblast|p1a: Salamence\n|-damage|p1a: Salamence|180/273\n|move|p1a: Salamence|Outrage|p2a: Lugia\n|-damage|p2a: Lugia|72/275\n|\n|upkeep\n|turn|12\n|\n|t:|1790106779\n|move|p2a: Lugia|Aeroblast|p1a: Salamence\n|-damage|p1a: Salamence|87/273\n|move|p1a: Salamence|Outrage|p2a: Lugia|[from] lockedmove\n|-damage|p2a: Lugia|0 fnt\n|faint|p2a: Lugia\n|-start|p1a: Salamence|confusion|[fatigue]\n|\n|upkeep\n|\n|t:|1790106809\n|switch|p2a: Misdreavus|Misdreavus, L90, F|254/254\n|turn|13\n|\n|t:|1790106823\n|move|p2a: Misdreavus|Draining Kiss|p1a: Salamence\n|-supereffective|p1a: Salamence\n|-damage|p1a: Salamence|0 fnt\n|faint|p1a: Salamence\n|\n|upkeep\n|\n|t:|1790106823\n|switch|p1a: Klefki|Klefki, L84, M|233/233\n|turn|14\n|\n|t:|1790106835\n|move|p2a: Misdreavus|Shadow Ball|p1a: Klefki\n|-damage|p1a: Klefki|142/233\n|move|p1a: Klefki|Play Rough|p2a: Misdreavus|[miss]\n|-miss|p1a: Klefki|p2a: Misdreavus\n|\n|-heal|p1a: Klefki|156/233|[from] item: Leftovers\n|upkeep\n|turn|15\n|\n|t:|1790106850\n|move|p2a: Misdreavus|Shadow Ball|p1a: Klefki\n|-damage|p1a: Klefki|60/233\n|move|p1a: Klefki|Play Rough|p2a: Misdreavus\n|-damage|p2a: Misdreavus|182/254\n|\n|-heal|p1a: Klefki|74/233|[from] item: Leftovers\n|upkeep\n|turn|16\n|\n|t:|1790106859\n|move|p1a: Klefki|Magnet Rise|p1a: Klefki\n|-start|p1a: Klefki|Magnet Rise\n|move|p2a: Misdreavus|Shadow Ball|p1a: Klefki\n|-damage|p1a: Klefki|0 fnt\n|faint|p1a: Klefki\n|\n|upkeep\n|\n|t:|1790106859\n|switch|p1a: Girafarig|Girafarig, L89, F|269/269\n|turn|17\n|\n|t:|1790106874\n|move|p2a: Misdreavus|Shadow Ball|p1a: Girafarig\n|-immune|p1a: Girafarig\n|move|p1a: Girafarig|Hyper Voice|p2a: Misdreavus\n|-immune|p2a: Misdreavus\n|\n|upkeep\n|turn|18\n|\n|t:|1790106882\n|move|p2a: Misdreavus|Draining Kiss|p1a: Girafarig\n|-damage|p1a: Girafarig|239/269\n|-heal|p2a: Misdreavus|205/254|[from] drain|[of] p1a: Girafarig\n|move|p1a: Girafarig|Hypno Whirl|p2a: Misdreavus\n|-damage|p2a: Misdreavus|145/254\n|\n|upkeep\n|turn|19\n|\n|t:|1790106903\n|switch|p2a: Barraskewda|Barraskewda, L81, M|231/231\n|move|p1a: Girafarig|Hypno Whirl|p2a: Barraskewda\n|-damage|p2a: Barraskewda|107/231\n|\n|upkeep\n|turn|20\n|\n|t:|1790106912\n|move|p2a: Barraskewda|Close Combat|p1a: Girafarig\n|-damage|p1a: Girafarig|136/269\n|-unboost|p2a: Barraskewda|def|1\n|-unboost|p2a: Barraskewda|spd|1\n|-damage|p2a: Barraskewda|84/231|[from] item: Life Orb\n|move|p1a: Girafarig|Hyper Voice|p2a: Barraskewda\n|-damage|p2a: Barraskewda|0 fnt\n|faint|p2a: Barraskewda\n|\n|upkeep\n|\n|t:|1790106938\n|switch|p2a: Lucario|Lucario, L84, M|255/255\n|turn|21\n|\n|t:|1790106943\n|move|p1a: Girafarig|Hyper Voice|p2a: Lucario\n|-resisted|p2a: Lucario\n|-damage|p2a: Lucario|199/255\n|move|p2a: Lucario|Close Combat|p1a: Girafarig\n|-damage|p1a: Girafarig|0 fnt\n|-unboost|p2a: Lucario|def|1\n|-unboost|p2a: Lucario|spd|1\n|faint|p1a: Girafarig\n|-damage|p2a: Lucario|174/255|[from] item: Life Orb\n|\n|win|StaleThunder126\n",
	"inputlog": ">start {\"formatid\":\"gen9rprandombattle\",\"seed\":\"sodium,cab854ca8b231fd5d90ee0451425a83b\",\"rated\":\"Rated battle\"}\n>player p1 {\"name\":\"Bunny Easy\",\"avatar\":\"bunny.png\",\"rating\":1047,\"seed\":\"sodium,fcb097cf0cf171c5f0968380397d9dc7\"}\n>player p2 {\"name\":\"StaleThunder126\",\"avatar\":\"jolt.png\",\"rating\":1000,\"seed\":\"sodium,19f20941093b6c63aa981e3aff7bdbfa\"}\n>chat ☆Bunny Easy|Good luck! Playing on **easy**.\n>p1 move dracometeor terastallize\n>p2 move ficklebeam\n>p1 move dracometeor\n>p2 move earthpower\n>p2 switch 6\n>p1 move dracometeor\n>p2 move earthquake\n>p1 move dracometeor\n>p2 move earthquake\n>p1 switch 2\n>p1 move bugbuzz\n>p2 move bodyslam\n>p1 move terablast\n>p2 move bodyslam\n>p2 switch 3\n>p1 move bugbuzz\n>p2 move aeroblast\n>p1 switch 4\n>p1 move gunkshot\n>p2 move earthpower\n>p1 move gunkshot\n>p2 move earthpower\n>p1 move gunkshot\n>p2 move earthpower\n>p1 switch 6\n>p1 move outrage\n>p2 move aeroblast\n>p1 move outrage\n>p2 move aeroblast\n>p2 switch 4\n>p1 move dualwingbeat\n>p2 move drainingkiss\n>p1 switch 3\n>p1 move playrough\n>p2 move shadowball\n>p1 move playrough\n>p2 move shadowball\n>p1 move magnetrise\n>p2 move shadowball\n>p1 switch 5\n>p1 move hypervoice\n>p2 move shadowball\n>p1 move hypnowhirl\n>p2 move drainingkiss\n>p1 move hypnowhirl\n>p2 switch 5\n>p1 move hypervoice\n>p2 move closecombat\n>p2 switch 2\n>p1 move hypervoice\n>p2 move closecombat",
	"uploadtime": 1790106943
}