{
	"id": "gen9rpou-3-tliv9s",
	"format": "[Gen 9] RP OU",
	"players": [
		"Bunny Stockfish",
		"SlimeQueenSamantha"
	],
	"rating": null,
	"log": "|j|☆Bunny Stockfish\n|j|☆SlimeQueenSamantha\n|t:|1789671726\n|gametype|singles\n|player|p1|Bunny Stockfish|bunny.png|1332\n|player|p2|SlimeQueenSamantha|queen.png|1623\n|gen|9\n|tier|[Gen 9] RP OU\n|rated|\n|rule|HP Percentage Mod: HP is shown in percentages\n|rule|Endless Battle Clause: Forcing endless battles is banned\n|rule|Species Clause: Limit one of each Pokémon\n|rule|OHKO Clause: OHKO moves are banned\n|rule|Evasion Clause: Evasion abilities, items, and moves are banned\n|rule|Evasion Abilities Clause: Evasion abilities are banned\n|rule|Evasion Items Clause: Evasion items are banned\n|rule|Evasion Moves Clause: Evasion moves are banned\n|rule|Sleep Clause Mod: Limit one foe put to sleep\n|clearpoke\n|poke|p1|Pecharunt|\n|poke|p1|Garchomp|\n|poke|p1|Walking Wake|\n|poke|p1|Kingambit|\n|poke|p1|Lokix|\n|poke|p1|Glaceon|\n|poke|p2|Spiritomb|\n|poke|p2|Glaceon|\n|poke|p2|Garchomp|\n|poke|p2|Roserade|\n|poke|p2|Togekiss|\n|poke|p2|Lucario|\n|teampreview\n|c|☆Bunny Stockfish|Good luck! Playing on **stockfish**.\n|\n|t:|1789671754\n|teamsize|p1|6\n|teamsize|p2|6\n|start\n|switch|p1a: Glaceon|Glaceon|100/100\n|switch|p2a: Lucario|Lucario|100/100\n|-weather|Snowscape|[from] ability: Diamond Dust|[of] p1a: Glaceon\n|turn|1\n|\n|t:|1789671758\n|detailschange|p2a: Lucario|Lucario-Mega-Z\n|-mega|p2a: Lucario|Lucario|Lucarionite Z\n|-start|p1a: Glaceon|Dynamax|\n|-heal|p1a: Glaceon|100/100|[silent]\n|move|p1a: Glaceon|Max Quake|p2a: Lucario\n|-supereffective|p2a: Lucario\n|-damage|p2a: Lucario|0 fnt\n|-boost|p1a: Glaceon|spd|1\n|faint|p2a: Lucario\n|detailschange|p2: Lucario|Lucario|[silent]\n|-damage|p1a: Glaceon|96/100|[from] item: Life Orb\n|\n|-weather|Snowscape|[upkeep]\n|upkeep\n|\n|t:|1789671770\n|switch|p2a: Spiritomb|Spiritomb|100/100\n|turn|2\n|\n|t:|1789671772\n|move|p1a: Glaceon|Max Hailstorm|p2a: Spiritomb\n|-damage|p2a: Spiritomb|40/100\n|-damage|p1a: Glaceon|91/100|[from] item: Life Orb\n|move|p2a: Spiritomb|Will-O-Wisp|p1a: Glaceon\n|-status|p1a: Glaceon|brn\n|\n|-weather|Snowscape|[upkeep]\n|-heal|p2a: Spiritomb|46/100|[from] item: Leftovers\n|-damage|p1a: Glaceon|88/100 brn|[from] brn\n|upkeep\n|turn|3\n|\n|t:|1789671776\n|move|p1a: Glaceon|Max Quake|p2a: Spiritomb\n|-damage|p2a: Spiritomb|9/100\n|-boost|p1a: Glaceon|spd|1\n|-damage|p1a: Glaceon|83/100 brn|[from] item: Life Orb\n|move|p2a: Spiritomb|Strength Sap|p1a: Glaceon\n|-unboost|p1a: Glaceon|atk|1\n|-heal|p2a: Spiritomb|47/100\n|\n|-weather|Snowscape|[upkeep]\n|-heal|p2a: Spiritomb|53/100|[from] item: Leftovers\n|-damage|p1a: Glaceon|80/100 brn|[from] brn\n|upkeep\n|-end|p1a: Glaceon|Dynamax\n|-heal|p1a: Glaceon|80/100 brn|[silent]\n|turn|4\n|\n|t:|1789671785\n|-start|p2a: Spiritomb|Dynamax|\n|-heal|p2a: Spiritomb|53/100|[silent]\n|move|p1a: Glaceon|Blizzard|p2a: Spiritomb\n|-damage|p2a: Spiritomb|31/100\n|-damage|p1a: Glaceon|70/100 brn|[from] item: Life Orb\n|move|p2a: Spiritomb|Max Phantasm|p1a: Glaceon\n|-damage|p1a: Glaceon|40/100 brn\n|-unboost|p1a: Glaceon|def|1\n|\n|-weather|Snowscape|[upkeep]\n|-heal|p2a: Spiritomb|34/100|[from] item: Leftovers\n|-damage|p1a: Glaceon|34/100 brn|[from] brn\n|upkeep\n|turn|5\n|\n|t:|1789671795\n|move|p1a: Glaceon|Freeze-Dry|p2a: Spiritomb\n|-damage|p2a: Spiritomb|19/100\n|-damage|p1a: Glaceon|24/100 brn|[from] item: Life Orb\n|move|p2a: Spiritomb|Max Phantasm|p1a: Glaceon\n|-damage|p1a: Glaceon|0 fnt\n|faint|p1a: Glaceon\n|\n|-weather|none\n|-heal|p2a: Spiritomb|22/100|[from] item: Leftovers\n|upkeep\n|\n|t:|1789671795\n|switch|p1a: Walking Wake|Walking Wake|100/100\n|turn|6\n|\n|t:|1789671801\n|move|p1a: Walking Wake|Flip Turn|p2a: Spiritomb\n|-damage|p2a: Spiritomb|16/100\n|\n|t:|1789671803\n|-end|p1a: Walking Wake|Protosynthesis|[silent]\n|switch|p1a: Garchomp|Garchomp|100/100|[from] Flip Turn\n|move|p2a: Spiritomb|Max Phantasm|p1a: Garchomp\n|-damage|p1a: Garchomp|77/100\n|-unboost|p1a: Garchomp|def|1\n|\n|-heal|p2a: Spiritomb|19/100|[from] item: Leftovers\n|upkeep\n|-end|p2a: Spiritomb|Dynamax\n|-heal|p2a: Spiritomb|19/100|[silent]\n|turn|7\n|\n|t:|1789671806\n|move|p1a: Garchomp|Earthquake|p2a: Spiritomb\n|-ability|p2a: Spiritomb|Keystone Legion\n|-message|The spirits of the keystone shield Spiritomb!\n|-start|p1a: Garchomp|Curse|[of] p2a: Spiritomb\n|-damage|p2a: Spiritomb|1/100\n|move|p2a: Spiritomb|Strength Sap|p1a: Garchomp\n|-unboost|p1a: Garchomp|atk|1\n|-heal|p2a: Spiritomb|80/100\n|\n|-heal|p2a: Spiritomb|86/100|[from] item: Leftovers\n|-damage|p1a: Garchomp|52/100|[from] Curse\n|upkeep\n|turn|8\n|\n|t:|1789671809\n|switch|p1a: Kingambit|Kingambit|100/100\n|-activate|p1a: Kingambit|ability: Supreme Overlord\n|-start|p1a: Kingambit|fallen1|[silent]\n|move|p2a: Spiritomb|Will-O-Wisp|p1a: Kingambit\n|-status|p1a: Kingambit|brn\n|\n|-heal|p2a: Spiritomb|92/100|[from] item: Leftovers\n|-damage|p1a: Kingambit|94/100 brn|[from] brn\n|upkeep\n|turn|9\n|\n|t:|1789671817\n|-terastallize|p1a: Kingambit|Dark\n|move|p1a: Kingambit|Kowtow Cleave|p2a: Spiritomb\n|-damage|p2a: Spiritomb|65/100\n|move|p2a: Spiritomb|Parting Shot|p1a: Kingambit\n|-unboost|p1a: Kingambit|atk|1\n|-unboost|p1a: Kingambit|spa|1\n|\n|t:|1789671824\n|switch|p2a: Garchomp|Garchomp|100/100|[from] Parting Shot\n|\n|-heal|p1a: Kingambit|100/100 brn|[from] item: Leftovers\n|-damage|p1a: Kingambit|94/100 brn|[from] brn\n|upkeep\n|turn|10\n|\n|t:|1789671825\n|-end|p1a: Kingambit|fallen1|[silent]\n|switch|p1a: Walking Wake|Walking Wake|100/100\n|move|p2a: Garchomp|Stealth Rock|p1a: Walking Wake\n|-sidestart|p1: Bunny Stockfish|move: Stealth Rock\n|\n|upkeep\n|turn|11\n|\n|t:|1789671829\n|switch|p2a: Togekiss|Togekiss|100/100\n|move|p1a: Walking Wake|Draco Meteor|p2a: Togekiss\n|-immune|p2a: Togekiss\n|\n|upkeep\n|turn|12\n|\n|t:|1789671832\n|-end|p1a: Walking Wake|Protosynthesis|[silent]\n|switch|p1a: Pecharunt|Pecharunt|100/100\n|move|p2a: Togekiss|Alluring Voice|p1a: Pecharunt\n|-resisted|p1a: Pecharunt\n|-damage|p1a: Pecharunt|76/100\n|\n|upkeep\n|turn|13\n|\n|t:|1789671837\n|switch|p2a: Garchomp|Garchomp|100/100\n|move|p1a: Pecharunt|Nasty Plot|p1a: Pecharunt\n|-boost|p1a: Pecharunt|spa|2\n|\n|upkeep\n|turn|14\n|\n|t:|1789671841\n|switch|p1a: Walking Wake|Walking Wake|100/100\n|-damage|p1a: Walking Wake|88/100|[from] Stealth Rock\n|move|p2a: Garchomp|Earthquake|p1a: Walking Wake\n|-damage|p1a: Walking Wake|41/100\n|\n|upkeep\n|turn|15\n|\n|t:|1789671844\n|move|p1a: Walking Wake|Draco Meteor|p2a: Garchomp\n|-supereffective|p2a: Garchomp\n|-damage|p2a: Garchomp|0 fnt\n|-unboost|p1a: Walking Wake|spa|2\n|faint|p2a: Garchomp\n|\n|upkeep\n|\n|t:|1789671847\n|switch|p2a: Glaceon|Glaceon|100/100\n|-weather|Snowscape|[from] ability: Diamond Dust|[of] p2a: Glaceon\n|turn|16\n|\n|t:|1789671849\n|-end|p1a: Walking Wake|Protosynthesis|[silent]\n|switch|p1a: Kingambit|Kingambit, tera:Dark|94/100 brn\n|-damage|p1a: Kingambit|82/100 brn|[from] Stealth Rock\n|-activate|p1a: Kingambit|ability: Supreme Overlord\n|-start|p1a: Kingambit|fallen1|[silent]\n|-terastallize|p2a: Glaceon|Ice\n|move|p2a: Glaceon|Blizzard|p1a: Kingambit\n|-damage|p1a: Kingambit|0 fnt\n|faint|p1a: Kingambit\n|-end|p1a: Kingambit|fallen1|[silent]\n|-damage|p2a: Glaceon|91/100|[from] item: Life Orb\n|\n|-weather|Snowscape|[upkeep]\n|upkeep\n|\n|t:|1789671849\n|switch|p1a: Pecharunt|Pecharunt|76/100\n|turn|17\n|\n|t:|1789671857\n|move|p2a: Glaceon|Blizzard|p1a: Pecharunt\n|-damage|p1a: Pecharunt|0 fnt\n|faint|p1a: Pecharunt\n|-damage|p2a: Glaceon|81/100|[from] item: Life Orb\n|\n|-weather|Snowscape|[upkeep]\n|upkeep\n|\n|t:|1789671857\n|switch|p1a: Lokix|Lokix|100/100\n|turn|18\n|\n|t:|1789671859\n|move|p1a: Lokix|First Impression|p2a: Glaceon\n|-damage|p2a: Glaceon|48/100\n|move|p2a: Glaceon|Blizzard|p1a: Lokix\n|-damage|p1a: Lokix|0 fnt\n|faint|p1a: Lokix\n|-damage|p2a: Glaceon|38/100|[from] item: Life Orb\n|\n|-weather|Snowscape|[upkeep]\n|upkeep\n|\n|t:|1789671859\n|switch|p1a: Walking Wake|Walking Wake|41/100\n|-damage|p1a: Walking Wake|29/100|[from] Stealth Rock\n|turn|19\n|\n|t:|1789671861\n|move|p2a: Glaceon|Blizzard|p1a: Walking Wake\n|-damage|p1a: Walking Wake|0 fnt\n|faint|p1a: Walking Wake\n|-end|p1a: Walking Wake|Protosynthesis|[silent]\n|-damage|p2a: Glaceon|28/100|[from] item: Life Orb\n|\n|-weather|Snowscape|[upkeep]\n|upkeep\n|\n|t:|1789671861\n|switch|p1a: Garchomp|Garchomp|52/100\n|-damage|p1a: Garchomp|46/100|[from] Stealth Rock\n|turn|20\n|\n|t:|1789671863\n|move|p2a: Glaceon|Blizzard|p1a: Garchomp\n|-supereffective|p1a: Garchomp\n|-damage|p1a: Garchomp|0 fnt\n|faint|p1a: Garchomp\n|-damage|p2a: Glaceon|18/100|[from] item: Life Orb\n|\n|win|SlimeQueenSamantha\n",
	"inputlog": ">start {\"formatid\":\"gen9rpou\",\"seed\":\"sodium,7d3df7889266dc9a10e46f25a0a84079\",\"rated\":\"Rated battle\"}\n>player p1 {\"name\":\"Bunny Stockfish\",\"avatar\":\"bunny.png\",\"team\":\"Pecharunt||HeavyDutyBoots|PoisonPuppeteer|NastyPlot,MalignantChain,ShadowBall,Recover|Timid|,,,252,4,252|N||||,,,,,Ghost]Garchomp||RockyHelmet|RoughSkin|Earthquake,DragonTail,StealthRock,Spikes|Impish|252,,216,,,40|N||||,,,,,Steel]Walking Wake||ChoiceSpecs|Protosynthesis|DracoMeteor,HydroPump,Flamethrower,FlipTurn|Timid|,,,252,4,252|N||||,,,,,Fire]Kingambit||Leftovers|SupremeOverlord|IronHead,KowtowCleave,SwordsDance,CarrionFeast|Adamant|252,252,,,4,|N||||,,,,,Dark]Lokix||HeavyDutyBoots|TintedLens|HiveFrenzy,SuckerPunch,FirstImpression,LeechLife|Jolly|,252,,,4,252|N||||,,,,,Bug]Glaceon||LifeOrb|DiamondDust|Blizzard,EarthPower,SparkScamper,FreezeDry|Timid|,,,252,4,252|N||||,,,,,Ice\",\"rating\":1332}\n>player p2 {\"name\":\"SlimeQueenSamantha\",\"avatar\":\"queen.png\",\"team\":\"Spiritomb||Leftovers|KeystoneLegion|SoulToll,StrengthSap,PartingShot,WillOWisp|Calm|252,,4,,252,|N||||,,,,,Fairy]Glaceon||LifeOrb|DiamondDust|Blizzard,FreezeDry,AuroraVeil,EarthPower|Modest|,,4,252,,252|N|,0,,,,|||,,,,,Ice]Garchomp||RockyHelmet|RoughSkin|Earthquake,DragonTail,StealthRock,Spikes|Impish|252,,216,,,40|N||||,,,,,Ghost]Roserade||HeavyDutyBoots|Masquerade|ThornedBouquet,Oxidize,NastyPlot,MortalSpin|Timid|,,,252,4,252|N||||,,,,,Water]Togekiss||ChoiceScarf|SereneGrace|AirSlash,Uturn,AlluringVoice,Flamethrower|Timid|,,,252,4,252|N||||,,,,,Flying]Lucario||LucarioniteZ|Steadfast|NastyPlot,AuraSphere,FlashCannon,HiddenPowerIce|Timid|,,,252,,252|N|,0,,,,|||,Ice,,,,Ghost\",\"rating\":1623}\n>chat ☆Bunny Stockfish|Good luck! Playing on **stockfish**.\n>p1 team 6, 3, 5, 1, 2, 4\n>p2 team 6, 2, 3, 4, 5, 1\n>p1 move earthpower dynamax\n>p2 move flashcannon mega\n>p2 switch 6\n>p1 move blizzard dynamax\n>p2 move willowisp\n>p1 move earthpower dynamax\n>p2 move strengthsap\n>p1 move blizzard\n>p2 move soultoll dynamax\n>p1 move freezedry\n>p2 move soultoll dynamax\n>p1 switch 2\n>p1 move flipturn\n>p2 move soultoll dynamax\n>p1 switch 5\n>p1 move earthquake\n>p2 move strengthsap\n>p1 switch 6\n>p2 move willowisp\n>p1 move kowtowcleave terastallize\n>p2 move partingshot\n>p2 switch 3\n>p1 switch 5\n>p2 move stealthrock\n>p1 move dracometeor\n>p2 switch 5\n>p1 switch 4\n>p2 move alluringvoice\n>p1 move nastyplot\n>p2 switch 5\n>p1 switch 4\n>p2 move earthquake\n>p1 move dracometeor\n>p2 move earthquake\n>p2 switch 2\n>p1 switch 5\n>p2 move blizzard terastallize\n>p1 switch 4\n>p1 move malignantchain\n>p2 move blizzard\n>p1 switch 3\n>p1 move firstimpression\n>p2 move blizzard\n>p1 switch 5\n>p1 move dracometeor\n>p2 move blizzard\n>p1 switch 6\n>p1 move earthquake\n>p2 move blizzard",
	"uploadtime": 1789671863
}