{
	"id": "gen9rpou-2-tlh7vu",
	"format": "[Gen 9] RP OU",
	"players": [
		"Bunny Stockfish",
		"SlimeQueenSamantha"
	],
	"rating": null,
	"log": "|j|☆Bunny Stockfish\n|j|☆SlimeQueenSamantha\n|t:|1789594925\n|gametype|singles\n|player|p1|Bunny Stockfish|bunny.png|1332\n|player|p2|SlimeQueenSamantha|queen.png|1077\n|gen|9\n|tier|[Gen 9] RP OU\n|rated|\n|rule|HP Percentage Mod: HP is shown in percentages\n|rule|Endless Battle Clause: Forcing endless battles is banned\n|rule|Species Clause: Limit one of each Pokémon\n|rule|OHKO Clause: OHKO moves are banned\n|rule|Evasion Clause: Evasion abilities, items, and moves are banned\n|rule|Evasion Abilities Clause: Evasion abilities are banned\n|rule|Evasion Items Clause: Evasion items are banned\n|rule|Evasion Moves Clause: Evasion moves are banned\n|rule|Sleep Clause Mod: Limit one foe put to sleep\n|clearpoke\n|poke|p1|Zapdos|\n|poke|p1|Cinderace|\n|poke|p1|Ninetales|\n|poke|p1|Hatterene|\n|poke|p1|Ogerpon|\n|poke|p1|Weezing-Galar|\n|poke|p2|Stakataka|\n|poke|p2|Samurott-Hisui|\n|poke|p2|Kingambit|\n|poke|p2|Hatterene, F|\n|poke|p2|Great Tusk|\n|poke|p2|Banette|\n|teampreview\n|c|☆Bunny Stockfish|Good luck! Playing on **stockfish**.\n|\n|t:|1789594933\n|teamsize|p1|6\n|teamsize|p2|6\n|start\n|switch|p1a: Cinderace|Cinderace|100/100\n|switch|p2a: Hatterene|Hatterene, F|100/100\n|turn|1\n|\n|t:|1789594934\n|-terastallize|p1a: Cinderace|Fire\n|move|p1a: Cinderace|Pyro Ball|p2a: Hatterene\n|-damage|p2a: Hatterene|10/100\n|move|p2a: Hatterene|Trick Room|p2a: Hatterene\n|-fieldstart|move: Trick Room|[of] p2a: Hatterene\n|\n|upkeep\n|turn|2\n|\n|t:|1789594939\n|move|p2a: Hatterene|Nuzzle|p1a: Cinderace\n|-damage|p1a: Cinderace|94/100\n|-status|p1a: Cinderace|par\n|move|p1a: Cinderace|Pyro Ball|p2a: Hatterene\n|-damage|p2a: Hatterene|0 fnt\n|faint|p2a: Hatterene\n|\n|upkeep\n|\n|t:|1789594944\n|switch|p2a: Stakataka|Stakataka|100/100\n|turn|3\n|\n|t:|1789594948\n|move|p2a: Stakataka|Gyro Ball|p1a: Cinderace\n|-resisted|p1a: Cinderace\n|-damage|p1a: Cinderace|19/100 par\n|-damage|p2a: Stakataka|91/100|[from] item: Life Orb\n|move|p1a: Cinderace|High Jump Kick|p2a: Stakataka|[miss]\n|-miss|p1a: Cinderace|p2a: Stakataka\n|-damage|p1a: Cinderace|0 fnt|[from] highjumpkick\n|faint|p1a: Cinderace\n|\n|upkeep\n|\n|t:|1789594948\n|switch|p1a: Zapdos|Zapdos|100/100\n|turn|4\n|\n|t:|1789594954\n|-start|p1a: Zapdos|Dynamax|\n|-heal|p1a: Zapdos|100/100|[silent]\n|move|p2a: Stakataka|Gyro Ball|p1a: Zapdos\n|-resisted|p1a: Zapdos\n|-damage|p1a: Zapdos|82/100\n|-damage|p2a: Stakataka|81/100|[from] item: Life Orb\n|move|p1a: Zapdos|Max Lightning|p2a: Stakataka\n|-damage|p2a: Stakataka|24/100\n|-fieldstart|move: Electric Terrain\n|\n|upkeep\n|turn|5\n|\n|t:|1789594969\n|switch|p2a: Great Tusk|Great Tusk|100/100\n|move|p1a: Zapdos|Max Lightning|p2a: Great Tusk\n|-immune|p2a: Great Tusk\n|\n|-fieldend|move: Trick Room\n|upkeep\n|turn|6\n|\n|t:|1789594973\n|-start|p2a: Great Tusk|Dynamax|\n|-heal|p2a: Great Tusk|100/100|[silent]\n|move|p1a: Zapdos|Max Airstream|p2a: Great Tusk\n|-supereffective|p2a: Great Tusk\n|-damage|p2a: Great Tusk|45/100\n|-boost|p1a: Zapdos|spe|1\n|move|p2a: Great Tusk|Max Hailstorm|p1a: Zapdos\n|-supereffective|p1a: Zapdos\n|-damage|p1a: Zapdos|47/100\n|-weather|Hail\n|\n|-weather|Hail|[upkeep]\n|-damage|p1a: Zapdos|44/100|[from] Hail\n|-damage|p2a: Great Tusk|42/100|[from] Hail\n|upkeep\n|-end|p1a: Zapdos|Dynamax\n|-heal|p1a: Zapdos|44/100|[silent]\n|turn|7\n|\n|t:|1789594988\n|move|p1a: Zapdos|Hurricane|p2a: Great Tusk\n|-supereffective|p2a: Great Tusk\n|-damage|p2a: Great Tusk|0 fnt\n|faint|p2a: Great Tusk\n|-end|p2a: Great Tusk|Protosynthesis|[silent]\n|\n|-weather|Hail|[upkeep]\n|-damage|p1a: Zapdos|38/100|[from] Hail\n|upkeep\n|\n|t:|1789594992\n|switch|p2a: Banette|Banette|100/100\n|turn|8\n|\n|t:|1789594996\n|detailschange|p2a: Banette|Banette-Mega\n|-mega|p2a: Banette|Banette|Banettite\n|move|p1a: Zapdos|Hurricane|p2a: Banette\n|-damage|p2a: Banette|64/100\n|move|p2a: Banette|Knock Off|p1a: Zapdos\n|-damage|p1a: Zapdos|13/100\n|-status|p2a: Banette|par|[from] ability: Static|[of] p1a: Zapdos\n|-enditem|p1a: Zapdos|Heavy-Duty Boots|[from] move: Knock Off|[of] p2a: Banette\n|\n|-weather|Hail|[upkeep]\n|-damage|p1a: Zapdos|7/100|[from] Hail\n|-damage|p2a: Banette|58/100 par|[from] Hail\n|-fieldend|move: Electric Terrain\n|upkeep\n|turn|9\n|\n|t:|1789595004\n|move|p1a: Zapdos|Hurricane|p2a: Banette\n|-damage|p2a: Banette|22/100 par\n|-start|p2a: Banette|confusion\n|-activate|p2a: Banette|confusion\n|-damage|p2a: Banette|2/100 par|[from] confusion\n|\n|-weather|Hail|[upkeep]\n|-damage|p1a: Zapdos|1/100|[from] Hail\n|-damage|p2a: Banette|0 fnt|[from] Hail\n|faint|p2a: Banette\n|detailschange|p2: Banette|Banette|[silent]\n|upkeep\n|\n|t:|1789595014\n|switch|p2a: Samurott|Samurott-Hisui|100/100\n|turn|10\n|\n|t:|1789595016\n|move|p2a: Samurott|Sucker Punch|p1a: Zapdos\n|-damage|p1a: Zapdos|0 fnt\n|-status|p2a: Samurott|par|[from] ability: Static|[of] p1a: Zapdos\n|faint|p1a: Zapdos\n|\n|-weather|none\n|upkeep\n|\n|t:|1789595017\n|switch|p1a: Hatterene|Hatterene|100/100\n|turn|11\n|\n|t:|1789595020\n|move|p1a: Hatterene|Dazzling Gleam|p2a: Samurott\n|-supereffective|p2a: Samurott\n|-damage|p2a: Samurott|17/100 par\n|move|p2a: Samurott|Ceaseless Edge|p1a: Hatterene\n|-damage|p1a: Hatterene|52/100\n|-sidestart|p1: Bunny Stockfish|Spikes\n|-enditem|p1a: Hatterene|Eject Button\n|\n|t:|1789595020\n|switch|p1a: Ogerpon|Ogerpon|100/100\n|-damage|p1a: Ogerpon|88/100|[from] Spikes\n|\n|upkeep\n|turn|12\n|\n|t:|1789595026\n|move|p2a: Samurott|Sucker Punch|p1a: Ogerpon\n|-damage|p1a: Ogerpon|37/100\n|move|p1a: Ogerpon|Ivy Cudgel|p2a: Samurott\n|-supereffective|p2a: Samurott\n|-crit|p2a: Samurott\n|-damage|p2a: Samurott|0 fnt\n|faint|p2a: Samurott\n|\n|upkeep\n|\n|t:|1789595031\n|switch|p2a: Kingambit|Kingambit|100/100\n|-activate|p2a: Kingambit|ability: Supreme Overlord\n|-start|p2a: Kingambit|fallen4|[silent]\n|turn|13\n|\n|t:|1789595033\n|move|p1a: Ogerpon|Ivy Cudgel|p2a: Kingambit\n|-resisted|p2a: Kingambit\n|-damage|p2a: Kingambit|82/100\n|move|p2a: Kingambit|Swords Dance|p2a: Kingambit\n|-boost|p2a: Kingambit|atk|2\n|\n|upkeep\n|turn|14\n|\n|t:|1789595035\n|move|p1a: Ogerpon|Swords Dance|p1a: Ogerpon\n|-boost|p1a: Ogerpon|atk|2\n|move|p2a: Kingambit|Swords Dance|p2a: Kingambit\n|-boost|p2a: Kingambit|atk|2\n|\n|upkeep\n|turn|15\n|\n|t:|1789595039\n|move|p1a: Ogerpon|Ivy Cudgel|p2a: Kingambit\n|-resisted|p2a: Kingambit\n|-damage|p2a: Kingambit|48/100\n|move|p2a: Kingambit|Kowtow Cleave|p1a: Ogerpon\n|-damage|p1a: Ogerpon|0 fnt\n|faint|p1a: Ogerpon\n|\n|upkeep\n|\n|t:|1789595039\n|switch|p1a: Weezing|Weezing-Galar|100/100\n|-ability|p1a: Weezing|Neutralizing Gas\n|turn|16\n|\n|t:|1789595046\n|-terastallize|p2a: Kingambit|Dark\n|move|p2a: Kingambit|Sucker Punch||[still]\n|-fail|p2a: Kingambit\n|move|p1a: Weezing|Will-O-Wisp|p2a: Kingambit\n|-status|p2a: Kingambit|brn\n|\n|-damage|p2a: Kingambit|42/100 brn|[from] brn\n|upkeep\n|turn|17\n|\n|t:|1789595050\n|move|p1a: Weezing|Sludge Bomb|p2a: Kingambit\n|-damage|p2a: Kingambit|15/100 brn\n|move|p2a: Kingambit|Kowtow Cleave|p1a: Weezing\n|-resisted|p1a: Weezing\n|-damage|p1a: Weezing|61/100\n|\n|-damage|p2a: Kingambit|9/100 brn|[from] brn\n|upkeep\n|turn|18\n|\n|t:|1789595053\n|move|p1a: Weezing|Sludge Bomb|p2a: Kingambit\n|-damage|p2a: Kingambit|0 fnt\n|faint|p2a: Kingambit\n|-end|p2a: Kingambit|fallen4|[silent]\n|\n|upkeep\n|\n|t:|1789595055\n|switch|p2a: Stakataka|Stakataka|24/100\n|turn|19\n|\n|t:|1789595056\n|move|p1a: Weezing|Protect|p1a: Weezing\n|-singleturn|p1a: Weezing|Protect\n|move|p2a: Stakataka|Trick Room|p2a: Stakataka\n|-fieldstart|move: Trick Room|[of] p2a: Stakataka\n|\n|upkeep\n|turn|20\n|\n|t:|1789595058\n|move|p2a: Stakataka|Gyro Ball|p1a: Weezing\n|-supereffective|p1a: Weezing\n|-damage|p1a: Weezing|0 fnt\n|faint|p1a: Weezing\n|-end|p1a: Weezing|ability: Neutralizing Gas\n|-ability|p2a: Stakataka|Beast Boost|boost\n|-boost|p2a: Stakataka|atk|1\n|-damage|p2a: Stakataka|14/100|[from] item: Life Orb\n|\n|upkeep\n|\n|t:|1789595058\n|switch|p1a: Hatterene|Hatterene|52/100\n|-damage|p1a: Hatterene|40/100|[from] Spikes\n|turn|21\n|\n|t:|1789595062\n|move|p2a: Stakataka|Gyro Ball|p1a: Hatterene\n|-supereffective|p1a: Hatterene\n|-damage|p1a: Hatterene|0 fnt\n|faint|p1a: Hatterene\n|-ability|p2a: Stakataka|Beast Boost|boost\n|-boost|p2a: Stakataka|atk|1\n|-damage|p2a: Stakataka|4/100|[from] item: Life Orb\n|\n|upkeep\n|\n|t:|1789595062\n|switch|p1a: Ninetales|Ninetales|100/100\n|-damage|p1a: Ninetales|88/100|[from] Spikes\n|-weather|SunnyDay|[from] ability: Drought|[of] p1a: Ninetales\n|turn|22\n|\n|t:|1789595064\n|move|p2a: Stakataka|Earthquake|p1a: Ninetales\n|-supereffective|p1a: Ninetales\n|-damage|p1a: Ninetales|0 fnt\n|faint|p1a: Ninetales\n|-damage|p2a: Stakataka|0 fnt|[from] item: Life Orb\n|faint|p2a: Stakataka\n|\n|win|SlimeQueenSamantha\n",
	"inputlog": ">start {\"formatid\":\"gen9rpou\",\"seed\":\"sodium,0eb5763f2c1433ca1ad50b9801302d1c\",\"rated\":\"Rated battle\"}\n>player p1 {\"name\":\"Bunny Stockfish\",\"avatar\":\"bunny.png\",\"team\":\"Zapdos||HeavyDutyBoots|Static|Hurricane,VoltSwitch,Discharge,Roost|Bold|248,,252,8,,|N|,0,,,,|||,,,,,Steel]Cinderace||HeavyDutyBoots|Libero|PyroBall,Uturn,CourtChange,HighJumpKick|Jolly|,252,,,4,252|N||||,,,,,Fire]Ninetales||HeatRock|Drought|WeatherBall,Encore,HealingWish,WillOWisp|Timid|,,4,252,,252|N|,0,,,,|||,,,,,Grass]Hatterene||EjectButton|MagicBounce|HealingWish,PsychicNoise,DazzlingGleam,MysticalFire|Bold|252,,204,,,52|N||||,,,,,Steel]Ogerpon||ScopeLens|Defiant|SwordsDance,IvyCudgel,KnockOff,Encore|Jolly|,252,4,,,252|N||||,,,,,Grass]Weezing|WeezingGalar|HeavyDutyBoots|NeutralizingGas|Oxidize,WillOWisp,Protect,SludgeBomb|Bold|252,,252,,4,|N||||,,,,,Ghost\",\"rating\":1332}\n>player p2 {\"name\":\"SlimeQueenSamantha\",\"avatar\":\"queen.png\",\"team\":\"Stakataka||LifeOrb|BeastBoost|TrickRoom,Earthquake,GyroBall,HeatCrash|Lonely|252,252,,,4,|N|,,15,,,0|||,,,,,Rock]Samurott|SamurottHisui|BlackGlasses|Sharpness|CeaselessEdge,KnockOff,RazorShell,SuckerPunch|Adamant|252,252,,,4,|N|,,,,,0|||,,,,,Water]Kingambit||BlackGlasses|SupremeOverlord|SwordsDance,KowtowCleave,Pursuit,SuckerPunch|Brave|252,252,4,,,|N|,,,,,0|||,,,,,Dark]Hatterene||FocusSash|MagicBounce|TrickRoom,HealingWish,MysticalFire,Nuzzle|Sassy|252,4,,,252,|F|,,,,,0|||,,,,,Psychic]Great Tusk||AssaultVest|Protosynthesis|RapidSpin,Earthquake,IceSpinner,KnockOff|Adamant|248,252,,,,8|N||||,,,,,Ground]Banette||Banettite|Prankster|TrickRoom,KnockOff,Encore,DestinyBond|Sassy|252,4,,,252,|N|,,,,,0|||,,,,,Ghost\",\"rating\":1077}\n>chat ☆Bunny Stockfish|Good luck! Playing on **stockfish**.\n>p1 team 2, 5, 3, 1, 6, 4\n>p2 team 4, 2, 3, 1, 5, 6\n>p1 move pyroball terastallize\n>p2 move trickroom\n>p1 move pyroball\n>p2 move nuzzle\n>p2 switch 4\n>p1 move highjumpkick\n>p2 move gyroball\n>p1 switch 4\n>p1 move discharge dynamax\n>p2 move gyroball\n>p1 move discharge dynamax\n>p2 switch 5\n>p1 move hurricane dynamax\n>p2 move icespinner dynamax\n>p1 move hurricane\n>p2 move icespinner dynamax\n>p2 switch 6\n>p1 move hurricane\n>p2 move knockoff mega\n>p1 move hurricane\n>p2 move trickroom\n>p2 switch 2\n>p1 move discharge\n>p2 move suckerpunch\n>p1 switch 6\n>p1 move dazzlinggleam\n>p2 move ceaselessedge\n>p1 switch 2\n>p1 move ivycudgel\n>p2 move suckerpunch\n>p2 switch 3\n>p1 move ivycudgel\n>p2 move swordsdance\n>p1 move swordsdance\n>p2 move swordsdance\n>p1 move ivycudgel\n>p2 move kowtowcleave\n>p1 switch 5\n>p1 move willowisp\n>p2 move suckerpunch terastallize\n>p1 move sludgebomb\n>p2 move kowtowcleave\n>p1 move sludgebomb\n>p2 move kowtowcleave\n>p2 switch 5\n>p1 move protect\n>p2 move trickroom\n>p1 move willowisp\n>p2 move gyroball\n>p1 switch 2\n>p1 move mysticalfire\n>p2 move gyroball\n>p1 switch 3\n>p1 move weatherball\n>p2 move earthquake",
	"uploadtime": 1789595064
}