{
	"id": "gen9rpou-4-tlw1b3",
	"format": "[Gen 9] RP OU",
	"players": [
		"Bunny Stockfish",
		"SlimeQueenSamantha"
	],
	"rating": null,
	"log": "|j|☆Bunny Stockfish\n|j|☆SlimeQueenSamantha\n|t:|1790296147\n|gametype|singles\n|badge|p1|silver|gen9rpou|2-2\n|badge|p2|bronze|gen9rpou|3-3\n|player|p1|Bunny Stockfish|bunny.png|1401\n|player|p2|SlimeQueenSamantha|queen.png|1393\n|gen|9\n|tier|[Gen 9] RP OU\n|rated|\n|rule|HP Percentage Mod: HP is shown in percentages\n|rule|Endless Battle Clause: Forcing endless battles is banned\n|rule|Species Clause: Limit one of each Pokémon\n|rule|OHKO Clause: OHKO moves are banned\n|rule|Evasion Clause: Evasion abilities, items, and moves are banned\n|rule|Evasion Abilities Clause: Evasion abilities are banned\n|rule|Evasion Items Clause: Evasion items are banned\n|rule|Evasion Moves Clause: Evasion moves are banned\n|rule|Sleep Clause Mod: Limit one foe put to sleep\n|clearpoke\n|poke|p1|Magearna|\n|poke|p1|Dragapult|\n|poke|p1|Torterra|\n|poke|p1|Ursaluna-Bloodmoon|\n|poke|p1|Tinkaton|\n|poke|p1|Cinderace|\n|poke|p2|Spiritomb|\n|poke|p2|Glaceon|\n|poke|p2|Garchomp|\n|poke|p2|Roserade|\n|poke|p2|Togekiss|\n|poke|p2|Lucario|\n|teampreview\n|c|☆Bunny Stockfish|Good luck! Playing on **stockfish**.\n|\n|t:|1790296154\n|teamsize|p1|6\n|teamsize|p2|6\n|start\n|switch|p1a: Tinkaton|Tinkaton|100/100\n|switch|p2a: Roserade|Roserade|100/100\n|-ability|p2a: Roserade|Masquerade\n|-start|p1a: Tinkaton|move: Taunt\n|-item|p1a: Tinkaton|Air Balloon\n|turn|1\n|\n|t:|1790296157\n|switch|p1a: Dragapult|Dragapult|100/100\n|move|p2a: Roserade|Oxidize|p1a: Dragapult\n|-resisted|p1a: Dragapult\n|-damage|p1a: Dragapult|78/100\n|\n|upkeep\n|turn|2\n|\n|t:|1790296163\n|switch|p2a: Togekiss|Togekiss|100/100\n|move|p1a: Dragapult|Flamethrower|p2a: Togekiss\n|-damage|p2a: Togekiss|61/100\n|\n|upkeep\n|turn|3\n|\n|t:|1790296168\n|switch|p1a: Magearna|Magearna|100/100\n|move|p2a: Togekiss|Alluring Voice|p1a: Magearna\n|-resisted|p1a: Magearna\n|-damage|p1a: Magearna|81/100\n|\n|upkeep\n|turn|4\n|\n|t:|1790296172\n|switch|p2a: Roserade|Roserade|100/100\n|-ability|p2a: Roserade|Masquerade\n|-start|p1a: Magearna|move: Taunt\n|-start|p1a: Magearna|Dynamax|\n|-heal|p1a: Magearna|81/100|[silent]\n|move|p1a: Magearna|Max Steelspike|p2a: Roserade\n|-damage|p2a: Roserade|20/100\n|-boost|p1a: Magearna|def|1\n|\n|upkeep\n|turn|5\n|\n|t:|1790296181\n|move|p2a: Roserade|Oxidize|p1a: Magearna\n|-supereffective|p1a: Magearna\n|-damage|p1a: Magearna|4/100\n|move|p1a: Magearna|Max Starfall|p2a: Roserade\n|-resisted|p2a: Roserade\n|-damage|p2a: Roserade|0 fnt\n|-fieldstart|move: Misty Terrain\n|faint|p2a: Roserade\n|-ability|p1a: Magearna|Soul-Heart|boost\n|-boost|p1a: Magearna|spa|1\n|\n|upkeep\n|\n|t:|1790296186\n|switch|p2a: Lucario|Lucario|100/100\n|turn|6\n|\n|t:|1790296190\n|detailschange|p2a: Lucario|Lucario-Mega-Z\n|-mega|p2a: Lucario|Lucario|Lucarionite Z\n|move|p2a: Lucario|Aura Sphere|p1a: Magearna\n|-damage|p1a: Magearna|0 fnt\n|faint|p1a: Magearna\n|\n|upkeep\n|\n|t:|1790296191\n|switch|p1a: Torterra|Torterra|100/100\n|turn|7\n|\n|t:|1790296195\n|move|p2a: Lucario|Hidden Power|p1a: Torterra\n|-supereffective|p1a: Torterra\n|-damage|p1a: Torterra|16/100\n|move|p1a: Torterra|Headlong Rush|p2a: Lucario\n|-supereffective|p2a: Lucario\n|-damage|p2a: Lucario|0 fnt\n|-unboost|p1a: Torterra|def|1\n|-unboost|p1a: Torterra|spd|1\n|faint|p2a: Lucario\n|detailschange|p2: Lucario|Lucario|[silent]\n|-damage|p1a: Torterra|6/100|[from] item: Life Orb\n|\n|upkeep\n|\n|t:|1790296198\n|switch|p2a: Togekiss|Togekiss|61/100\n|turn|8\n|\n|t:|1790296200\n|switch|p1a: Tinkaton|Tinkaton|100/100\n|-item|p1a: Tinkaton|Air Balloon\n|move|p2a: Togekiss|Alluring Voice|p1a: Tinkaton\n|-resisted|p1a: Tinkaton\n|-damage|p1a: Tinkaton|83/100\n|-enditem|p1a: Tinkaton|Air Balloon\n|\n|upkeep\n|turn|9\n|\n|t:|1790296203\n|switch|p2a: Garchomp|Garchomp|100/100\n|move|p1a: Tinkaton|Gigaton Hammer|p2a: Garchomp\n|-damage|p2a: Garchomp|73/100\n|\n|-fieldend|Misty Terrain\n|upkeep\n|turn|10\n|\n|t:|1790296205\n|switch|p1a: Ursaluna|Ursaluna-Bloodmoon|100/100\n|move|p2a: Garchomp|Earthquake|p1a: Ursaluna\n|-damage|p1a: Ursaluna|70/100\n|\n|-heal|p1a: Ursaluna|77/100|[from] item: Leftovers\n|upkeep\n|turn|11\n|\n|t:|1790296210\n|move|p2a: Garchomp|Stealth Rock|p1a: Ursaluna\n|-sidestart|p1: Bunny Stockfish|move: Stealth Rock\n|move|p1a: Ursaluna|Blood Moon|p2a: Garchomp\n|-damage|p2a: Garchomp|0 fnt\n|faint|p2a: Garchomp\n|\n|-heal|p1a: Ursaluna|83/100|[from] item: Leftovers\n|upkeep\n|\n|t:|1790296216\n|switch|p2a: Glaceon|Glaceon|100/100\n|-weather|Snowscape|[from] ability: Diamond Dust|[of] p2a: Glaceon\n|turn|12\n|\n|t:|1790296219\n|-terastallize|p2a: Glaceon|Ice\n|move|p1a: Ursaluna|Vacuum Wave|p2a: Glaceon\n|-supereffective|p2a: Glaceon\n|-damage|p2a: Glaceon|58/100\n|move|p2a: Glaceon|Blizzard|p1a: Ursaluna\n|-supereffective|p1a: Ursaluna\n|-damage|p1a: Ursaluna|0 fnt\n|faint|p1a: Ursaluna\n|-damage|p2a: Glaceon|48/100|[from] item: Life Orb\n|\n|-weather|Snowscape|[upkeep]\n|upkeep\n|\n|t:|1790296219\n|switch|p1a: Cinderace|Cinderace|100/100\n|turn|13\n|\n|t:|1790296228\n|move|p2a: Glaceon|Earth Power|p1a: Cinderace\n|-supereffective|p1a: Cinderace\n|-damage|p1a: Cinderace|0 fnt\n|faint|p1a: Cinderace\n|-damage|p2a: Glaceon|38/100|[from] item: Life Orb\n|\n|-weather|Snowscape|[upkeep]\n|upkeep\n|\n|t:|1790296228\n|switch|p1a: Tinkaton|Tinkaton|83/100\n|-damage|p1a: Tinkaton|77/100|[from] Stealth Rock\n|turn|14\n|\n|t:|1790296230\n|move|p2a: Glaceon|Earth Power|p1a: Tinkaton\n|-supereffective|p1a: Tinkaton\n|-damage|p1a: Tinkaton|2/100\n|-damage|p2a: Glaceon|28/100|[from] item: Life Orb\n|move|p1a: Tinkaton|Gigaton Hammer|p2a: Glaceon\n|-supereffective|p2a: Glaceon\n|-damage|p2a: Glaceon|0 fnt\n|faint|p2a: Glaceon\n|\n|-weather|Snowscape|[upkeep]\n|upkeep\n|\n|t:|1790296233\n|switch|p2a: Togekiss|Togekiss|61/100\n|turn|15\n|\n|t:|1790296236\n|move|p2a: Togekiss|Alluring Voice|p1a: Tinkaton\n|-resisted|p1a: Tinkaton\n|-damage|p1a: Tinkaton|0 fnt\n|faint|p1a: Tinkaton\n|\n|-weather|Snowscape|[upkeep]\n|upkeep\n|\n|t:|1790296236\n|switch|p1a: Dragapult|Dragapult|78/100\n|-damage|p1a: Dragapult|66/100|[from] Stealth Rock\n|turn|16\n|\n|t:|1790296237\n|-terastallize|p1a: Dragapult|Ghost\n|move|p2a: Togekiss|Alluring Voice|p1a: Dragapult\n|-damage|p1a: Dragapult|8/100\n|move|p1a: Dragapult|Shadow Ball|p2a: Togekiss\n|-damage|p2a: Togekiss|0 fnt\n|faint|p2a: Togekiss\n|\n|-weather|none\n|upkeep\n|\n|t:|1790296239\n|switch|p2a: Spiritomb|Spiritomb|100/100\n|turn|17\n|\n|t:|1790296243\n|move|p1a: Dragapult|Shadow Ball|p2a: Spiritomb\n|-damage|p2a: Spiritomb|63/100\n|-unboost|p2a: Spiritomb|spd|1\n|move|p2a: Spiritomb|Strength Sap|p1a: Dragapult\n|-unboost|p1a: Dragapult|atk|1\n|-heal|p2a: Spiritomb|100/100\n|\n|upkeep\n|turn|18\n|\n|t:|1790296248\n|move|p1a: Dragapult|Shadow Ball|p2a: Spiritomb\n|-damage|p2a: Spiritomb|41/100\n|move|p2a: Spiritomb|Soul Toll|p1a: Dragapult\n|-supereffective|p1a: Dragapult\n|-damage|p1a: Dragapult|0 fnt\n|faint|p1a: Dragapult\n|\n|-heal|p2a: Spiritomb|47/100|[from] item: Leftovers\n|upkeep\n|\n|t:|1790296248\n|switch|p1a: Torterra|Torterra|6/100\n|-damage|p1a: Torterra|0 fnt|[from] Stealth Rock\n|faint|p1a: Torterra\n|\n|win|SlimeQueenSamantha\n",
	"inputlog": ">start {\"formatid\":\"gen9rpou\",\"seed\":\"sodium,03e1cc6d1c7a3e23d8c566734f0ac539\",\"rated\":\"Rated battle\"}\n>player p1 {\"name\":\"Bunny Stockfish\",\"avatar\":\"bunny.png\",\"team\":\"Magearna||ChoiceScarf|SoulHeart|HeavySlam,SteelBeam,DazzlingGleam,Trick|Timid|4,,,252,,252|N||||,,,,,Steel]Dragapult||ChoiceSpecs|Infiltrator|DracoMeteor,ShadowBall,Flamethrower,Uturn|Timid|,,,252,4,252|N||||,,,,,Ghost]Torterra||LifeOrb|WorldTurtle|ElderTimber,HeadlongRush,ShellSmash,RockBlast|Adamant|,252,,,4,252|N||||,,,,,Grass]Ursaluna|UrsalunaBloodmoon|Leftovers|MindsEye|BloodMoon,CalmMind,HiddenPower,VacuumWave|Modest|252,,,252,4,|N||||,Dark,,,,Fighting]Tinkaton||AirBalloon|Pickpocket|StealthRock,GigatonHammer,CragHammer,KnockOff|Jolly|252,,,,24,232|N||||,,,,,Water]Cinderace||HeavyDutyBoots|Libero|PyroBall,Uturn,CourtChange,WillOWisp|Jolly|224,32,,,,252|N||||,,,G,,Ghost\",\"rating\":1401}\n>player p2 {\"name\":\"SlimeQueenSamantha\",\"avatar\":\"queen.png\",\"team\":\"Spiritomb||Leftovers|KeystoneLegion|soultoll,StrengthSap,PartingShot,WillOWisp|Calm|252,,4,,252,|N||||,,,,,Fairy]Glaceon||LifeOrb|DiamondDust|Blizzard,FreezeDry,AuroraVeil,EarthPower|Modest|,,4,252,,252|N|,0,,,,|||,,,,,Ice]Garchomp||RockyHelmet|RoughSkin|Earthquake,DragonTail,StealthRock,Spikes|Impish|252,,216,,,40|N||||,,,,,Ghost]Roserade||HeavyDutyBoots|Masquerade|thornedbouquet,oxidize,NastyPlot,MortalSpin|Timid|,,,252,4,252|N||||,,,,,Water]Togekiss||ChoiceScarf|SereneGrace|AirSlash,Uturn,AlluringVoice,Flamethrower|Timid|,,,252,4,252|N||||,,,,,Flying]Lucario||LucarioniteZ|Steadfast|NastyPlot,AuraSphere,FlashCannon,HiddenPowerIce|Timid|,,,252,,252|N|,0,,,,|||,Ice,,,,Ghost\",\"rating\":1393}\n>chat ☆Bunny Stockfish|Good luck! Playing on **stockfish**.\n>p1 team 5, 2, 6, 1, 3, 4\n>p2 team 4, 2, 3, 1, 5, 6\n>p1 switch 2\n>p2 move oxidize\n>p1 move flamethrower\n>p2 switch 5\n>p1 switch 4\n>p2 move alluringvoice\n>p1 move steelbeam dynamax\n>p2 switch 5\n>p1 move dazzlinggleam dynamax\n>p2 move oxidize\n>p2 switch 6\n>p1 move dazzlinggleam dynamax\n>p2 move aurasphere mega\n>p1 switch 5\n>p1 move headlongrush\n>p2 move hiddenpower\n>p2 switch 5\n>p1 switch 2\n>p2 move alluringvoice\n>p1 move gigatonhammer\n>p2 switch 3\n>p1 switch 6\n>p2 move earthquake\n>p1 move bloodmoon\n>p2 move stealthrock\n>p2 switch 2\n>p1 move vacuumwave\n>p2 move blizzard terastallize\n>p1 switch 3\n>p1 move pyroball\n>p2 move earthpower\n>p1 switch 6\n>p1 move gigatonhammer\n>p2 move earthpower\n>p2 switch 3\n>p1 move craghammer\n>p2 move alluringvoice\n>p1 switch 4\n>p1 move shadowball terastallize\n>p2 move alluringvoice\n>p2 switch 4\n>p1 move shadowball\n>p2 move strengthsap\n>p1 move shadowball\n>p2 move soultoll\n>p1 switch 2",
	"uploadtime": 1790296248
}