{
	"id": "gen9rpou-3-tliry4",
	"format": "[Gen 9] RP OU",
	"players": [
		"Bunny Stockfish",
		"SlimeQueenSamantha"
	],
	"rating": null,
	"log": "|j|☆Bunny Stockfish\n|j|☆SlimeQueenSamantha\n|t:|1789667931\n|gametype|singles\n|player|p1|Bunny Stockfish|bunny.png|1332\n|player|p2|SlimeQueenSamantha|queen.png|1456\n|gen|9\n|tier|[Gen 9] RP OU\n|rated|\n|rule|HP Percentage Mod: HP is shown in percentages\n|rule|Endless Battle Clause: Forcing endless battles is banned\n|rule|Species Clause: Limit one of each Pokémon\n|rule|OHKO Clause: OHKO moves are banned\n|rule|Evasion Clause: Evasion abilities, items, and moves are banned\n|rule|Evasion Abilities Clause: Evasion abilities are banned\n|rule|Evasion Items Clause: Evasion items are banned\n|rule|Evasion Moves Clause: Evasion moves are banned\n|rule|Sleep Clause Mod: Limit one foe put to sleep\n|clearpoke\n|poke|p1|Garganacl|\n|poke|p1|Great Tusk|\n|poke|p1|Kyurem|\n|poke|p1|Slowking-Galar|\n|poke|p1|Sinistcha|\n|poke|p1|Heatran|\n|poke|p2|Spiritomb|\n|poke|p2|Glaceon|\n|poke|p2|Garchomp|\n|poke|p2|Roserade|\n|poke|p2|Togekiss|\n|poke|p2|Lucario|\n|teampreview\n|c|☆Bunny Stockfish|Good luck! Playing on **stockfish**.\n|\n|t:|1789667937\n|teamsize|p1|6\n|teamsize|p2|6\n|start\n|switch|p1a: Heatran|Heatran|100/100\n|switch|p2a: Garchomp|Garchomp|100/100\n|-item|p1a: Heatran|Air Balloon\n|turn|1\n|\n|t:|1789667940\n|move|p1a: Heatran|Stealth Rock|p2a: Garchomp\n|-sidestart|p2: SlimeQueenSamantha|move: Stealth Rock\n|move|p2a: Garchomp|Dragon Tail|p1a: Heatran\n|-resisted|p1a: Heatran\n|-damage|p1a: Heatran|89/100\n|-enditem|p1a: Heatran|Air Balloon\n|drag|p1a: Garganacl|Garganacl|100/100\n|\n|upkeep\n|turn|2\n|\n|t:|1789667942\n|-terastallize|p1a: Garganacl|Fairy\n|move|p2a: Garchomp|Stealth Rock|p1a: Garganacl\n|-sidestart|p1: Bunny Stockfish|move: Stealth Rock\n|move|p1a: Garganacl|Earthquake|p2a: Garchomp\n|-damage|p2a: Garchomp|87/100\n|\n|upkeep\n|turn|3\n|\n|t:|1789667947\n|move|p2a: Garchomp|Spikes|p1a: Garganacl\n|-sidestart|p1: Bunny Stockfish|Spikes\n|move|p1a: Garganacl|Earthquake|p2a: Garchomp\n|-damage|p2a: Garchomp|72/100\n|\n|upkeep\n|turn|4\n|\n|t:|1789667948\n|move|p2a: Garchomp|Spikes|p1a: Garganacl\n|-sidestart|p1: Bunny Stockfish|Spikes\n|move|p1a: Garganacl|Earthquake|p2a: Garchomp\n|-damage|p2a: Garchomp|58/100\n|\n|upkeep\n|turn|5\n|\n|t:|1789667950\n|move|p2a: Garchomp|Spikes|p1a: Garganacl\n|-sidestart|p1: Bunny Stockfish|Spikes\n|move|p1a: Garganacl|Earthquake|p2a: Garchomp\n|-damage|p2a: Garchomp|44/100\n|\n|upkeep\n|turn|6\n|\n|t:|1789667960\n|move|p2a: Garchomp|Earthquake|p1a: Garganacl\n|-damage|p1a: Garganacl|71/100\n|move|p1a: Garganacl|Earthquake|p2a: Garchomp\n|-damage|p2a: Garchomp|30/100\n|\n|-heal|p1a: Garganacl|77/100|[from] item: Leftovers\n|upkeep\n|turn|7\n|\n|t:|1789667964\n|switch|p2a: Roserade|Roserade|100/100\n|-ability|p2a: Roserade|Masquerade\n|-start|p1a: Garganacl|move: Taunt\n|move|p1a: Garganacl|Earthquake|p2a: Roserade\n|-damage|p2a: Roserade|60/100\n|\n|-heal|p1a: Garganacl|83/100|[from] item: Leftovers\n|upkeep\n|turn|8\n|\n|t:|1789667967\n|switch|p1a: Slowking|Slowking-Galar|100/100\n|-damage|p1a: Slowking|88/100|[from] Stealth Rock\n|-damage|p1a: Slowking|63/100|[from] Spikes\n|move|p2a: Roserade|Nasty Plot|p2a: Roserade\n|-boost|p2a: Roserade|spa|2\n|\n|upkeep\n|turn|9\n|\n|t:|1789667986\n|switch|p2a: Garchomp|Garchomp|30/100\n|-damage|p2a: Garchomp|24/100|[from] Stealth Rock\n|-start|p1a: Slowking|Dynamax|\n|-heal|p1a: Slowking|63/100|[silent]\n|move|p1a: Slowking|Max Mindstorm|p2a: Garchomp\n|-damage|p2a: Garchomp|0 fnt\n|-fieldstart|move: Psychic Terrain\n|faint|p2a: Garchomp\n|\n|upkeep\n|\n|t:|1789667992\n|switch|p2a: Spiritomb|Spiritomb|100/100\n|-damage|p2a: Spiritomb|88/100|[from] Stealth Rock\n|turn|10\n|\n|t:|1789667995\n|-end|p1a: Slowking|Dynamax\n|-heal|p1a: Slowking|63/100|[silent]\n|switch|p1a: Garganacl|Garganacl, tera:Fairy|83/100\n|-damage|p1a: Garganacl|71/100|[from] Stealth Rock\n|-damage|p1a: Garganacl|46/100|[from] Spikes\n|move|p2a: Spiritomb|Will-O-Wisp|p1a: Garganacl\n|-immune|p1a: Garganacl|[from] ability: Purifying Salt\n|\n|-heal|p2a: Spiritomb|94/100|[from] item: Leftovers\n|-heal|p1a: Garganacl|52/100|[from] item: Leftovers\n|upkeep\n|turn|11\n|\n|t:|1789668003\n|switch|p2a: Roserade|Roserade|60/100\n|-ability|p2a: Roserade|Masquerade\n|-start|p1a: Garganacl|move: Taunt\n|move|p1a: Garganacl|Earthquake|p2a: Roserade\n|-damage|p2a: Roserade|25/100\n|\n|-heal|p1a: Garganacl|58/100|[from] item: Leftovers\n|upkeep\n|turn|12\n|\n|t:|1789668007\n|move|p2a: Roserade|Thorned Bouquet|p1a: Garganacl\n|-damage|p1a: Garganacl|25/100\n|-heal|p2a: Roserade|47/100|[from] drain|[of] p1a: Garganacl\n|move|p1a: Garganacl|Earthquake|p2a: Roserade\n|-damage|p2a: Roserade|7/100\n|\n|-heal|p1a: Garganacl|31/100|[from] item: Leftovers\n|upkeep\n|turn|13\n|\n|t:|1789668009\n|move|p2a: Roserade|Thorned Bouquet|p1a: Garganacl\n|-damage|p1a: Garganacl|2/100\n|-heal|p2a: Roserade|27/100|[from] drain|[of] p1a: Garganacl\n|move|p1a: Garganacl|Earthquake|p2a: Roserade\n|-damage|p2a: Roserade|0 fnt\n|faint|p2a: Roserade\n|\n|-heal|p1a: Garganacl|8/100|[from] item: Leftovers\n|-end|p1a: Garganacl|move: Taunt\n|-fieldend|move: Psychic Terrain\n|upkeep\n|\n|t:|1789668011\n|switch|p2a: Lucario|Lucario|100/100\n|-damage|p2a: Lucario|98/100|[from] Stealth Rock\n|turn|14\n|\n|t:|1789668014\n|switch|p1a: Slowking|Slowking-Galar|96/100\n|-damage|p1a: Slowking|84/100|[from] Stealth Rock\n|-damage|p1a: Slowking|59/100|[from] Spikes\n|detailschange|p2a: Lucario|Lucario-Mega-Z\n|-mega|p2a: Lucario|Lucario|Lucarionite Z\n|move|p2a: Lucario|Nasty Plot|p2a: Lucario\n|-boost|p2a: Lucario|spa|2\n|\n|upkeep\n|turn|15\n|\n|t:|1789668017\n|move|p2a: Lucario|Flash Cannon|p1a: Slowking\n|-damage|p1a: Slowking|0 fnt\n|faint|p1a: Slowking\n|\n|upkeep\n|\n|t:|1789668017\n|switch|p1a: Great Tusk|Great Tusk|100/100\n|-damage|p1a: Great Tusk|98/100|[from] Stealth Rock\n|-damage|p1a: Great Tusk|73/100|[from] Spikes\n|turn|16\n|\n|t:|1789668020\n|move|p1a: Great Tusk|Headlong Rush|p2a: Lucario\n|-supereffective|p2a: Lucario\n|-damage|p2a: Lucario|0 fnt\n|-unboost|p1a: Great Tusk|def|1\n|-unboost|p1a: Great Tusk|spd|1\n|faint|p2a: Lucario\n|detailschange|p2: Lucario|Lucario|[silent]\n|\n|upkeep\n|\n|t:|1789668024\n|switch|p2a: Togekiss|Togekiss|100/100\n|-damage|p2a: Togekiss|76/100|[from] Stealth Rock\n|turn|17\n|\n|t:|1789668027\n|-end|p1a: Great Tusk|Protosynthesis|[silent]\n|switch|p1a: Heatran|Heatran|89/100\n|-damage|p1a: Heatran|77/100|[from] Stealth Rock\n|-damage|p1a: Heatran|52/100|[from] Spikes\n|move|p2a: Togekiss|Air Slash|p1a: Heatran\n|-resisted|p1a: Heatran\n|-damage|p1a: Heatran|39/100\n|\n|upkeep\n|turn|18\n|\n|t:|1789668033\n|switch|p2a: Spiritomb|Spiritomb|94/100\n|-damage|p2a: Spiritomb|82/100|[from] Stealth Rock\n|move|p1a: Heatran|Lava Plume|p2a: Spiritomb\n|-crit|p2a: Spiritomb\n|-damage|p2a: Spiritomb|50/100\n|\n|-heal|p2a: Spiritomb|57/100|[from] item: Leftovers\n|upkeep\n|turn|19\n|\n|t:|1789668035\n|move|p1a: Heatran|Lava Plume|p2a: Spiritomb\n|-damage|p2a: Spiritomb|37/100\n|-status|p2a: Spiritomb|brn\n|move|p2a: Spiritomb|Strength Sap|p1a: Heatran\n|-unboost|p1a: Heatran|atk|1\n|-heal|p2a: Spiritomb|89/100 brn\n|\n|-heal|p2a: Spiritomb|95/100 brn|[from] item: Leftovers\n|-damage|p2a: Spiritomb|89/100 brn|[from] brn\n|upkeep\n|turn|20\n|\n|t:|1789668040\n|move|p1a: Heatran|Lava Plume|p2a: Spiritomb\n|-damage|p2a: Spiritomb|67/100 brn\n|move|p2a: Spiritomb|Parting Shot|p1a: Heatran\n|-unboost|p1a: Heatran|atk|1\n|-unboost|p1a: Heatran|spa|1\n|\n|t:|1789668043\n|switch|p2a: Togekiss|Togekiss|76/100|[from] Parting Shot\n|-damage|p2a: Togekiss|51/100|[from] Stealth Rock\n|\n|upkeep\n|turn|21\n|\n|t:|1789668049\n|-start|p2a: Togekiss|Dynamax|\n|-heal|p2a: Togekiss|51/100|[silent]\n|move|p2a: Togekiss|Max Airstream|p1a: Heatran\n|-resisted|p1a: Heatran\n|-damage|p1a: Heatran|20/100\n|-boost|p2a: Togekiss|spe|1\n|move|p1a: Heatran|Lava Plume|p2a: Togekiss\n|-damage|p2a: Togekiss|39/100\n|-status|p2a: Togekiss|brn\n|\n|-damage|p2a: Togekiss|36/100 brn|[from] brn\n|upkeep\n|turn|22\n|\n|t:|1789668057\n|move|p2a: Togekiss|Max Airstream|p1a: Heatran\n|-resisted|p1a: Heatran\n|-damage|p1a: Heatran|0 fnt\n|-boost|p2a: Togekiss|spe|1\n|faint|p1a: Heatran\n|\n|-damage|p2a: Togekiss|33/100 brn|[from] brn\n|upkeep\n|\n|t:|1789668058\n|switch|p1a: Great Tusk|Great Tusk|73/100\n|-damage|p1a: Great Tusk|70/100|[from] Stealth Rock\n|-damage|p1a: Great Tusk|45/100|[from] Spikes\n|turn|23\n|\n|t:|1789668059\n|move|p2a: Togekiss|Max Airstream|p1a: Great Tusk\n|-supereffective|p1a: Great Tusk\n|-damage|p1a: Great Tusk|0 fnt\n|-boost|p2a: Togekiss|spe|1\n|faint|p1a: Great Tusk\n|-end|p1a: Great Tusk|Protosynthesis|[silent]\n|\n|-damage|p2a: Togekiss|30/100 brn|[from] brn\n|upkeep\n|\n|t:|1789668059\n|switch|p1a: Sinistcha|Sinistcha|100/100\n|-end|p2a: Togekiss|Dynamax\n|-heal|p2a: Togekiss|30/100 brn|[silent]\n|turn|24\n|\n|t:|1789668061\n|move|p2a: Togekiss|Air Slash|p1a: Sinistcha\n|-supereffective|p1a: Sinistcha\n|-damage|p1a: Sinistcha|8/100\n|cant|p1a: Sinistcha|flinch\n|\n|-damage|p2a: Togekiss|24/100 brn|[from] brn\n|upkeep\n|turn|25\n|\n|t:|1789668064\n|move|p2a: Togekiss|Air Slash|p1a: Sinistcha\n|-supereffective|p1a: Sinistcha\n|-damage|p1a: Sinistcha|0 fnt\n|faint|p1a: Sinistcha\n|\n|-damage|p2a: Togekiss|18/100 brn|[from] brn\n|upkeep\n|\n|t:|1789668064\n|switch|p1a: Kyurem|Kyurem|100/100\n|-damage|p1a: Kyurem|76/100|[from] Stealth Rock\n|-damage|p1a: Kyurem|51/100|[from] Spikes\n|-ability|p1a: Kyurem|Pressure\n|turn|26\n|\n|t:|1789668066\n|move|p2a: Togekiss|Air Slash|p1a: Kyurem\n|-damage|p1a: Kyurem|16/100\n|cant|p1a: Kyurem|flinch\n|\n|-damage|p2a: Togekiss|12/100 brn|[from] brn\n|upkeep\n|turn|27\n|\n|t:|1789668068\n|move|p2a: Togekiss|Air Slash|p1a: Kyurem\n|-damage|p1a: Kyurem|0 fnt\n|faint|p1a: Kyurem\n|\n|-damage|p2a: Togekiss|6/100 brn|[from] brn\n|upkeep\n|\n|t:|1789668068\n|switch|p1a: Garganacl|Garganacl, tera:Fairy|8/100\n|-damage|p1a: Garganacl|0 fnt|[from] Stealth Rock\n|faint|p1a: Garganacl\n|\n|win|SlimeQueenSamantha\n",
	"inputlog": ">start {\"formatid\":\"gen9rpou\",\"seed\":\"sodium,4c4de231602f38b9ddbc8a074a41fc98\",\"rated\":\"Rated battle\"}\n>player p1 {\"name\":\"Bunny Stockfish\",\"avatar\":\"bunny.png\",\"team\":\"Garganacl||Leftovers|PurifyingSalt|Curse,SaltCure,Recover,Earthquake|Careful|252,,52,,204,|N||||,,,,,Fairy]Great Tusk||ChoiceScarf|Protosynthesis|HeadlongRush,CloseCombat,IceSpinner,RapidSpin|Jolly|,252,4,,,252|N||||,,,,,Ground]Kyurem||LoadedDice|Pressure|DragonDance,IcicleSpear,EarthPower,ScaleShot|Hasty|,168,,88,,252|N||||,,,,,Ground]Slowking|SlowkingGalar|ColburBerry|Regenerator|ChillyReception,SludgeBomb,PsychicNoise,ThunderWave|Sassy|252,,4,,252,|N|,,,,,0|||,,,,,Water]Sinistcha||HeavyDutyBoots|Heatproof|CalmMind,MatchaGotcha,ShadowBall,StrengthSap|Bold|252,,252,,4,|N||||,,,,,Fairy]Heatran||AirBalloon|FlashFire|LavaPlume,EarthPower,WillOWisp,StealthRock|Calm|252,,4,,212,40|N||||,,,,,Grass\",\"rating\":1332}\n>player p2 {\"name\":\"SlimeQueenSamantha\",\"avatar\":\"queen.png\",\"team\":\"Spiritomb||Leftovers|KeystoneLegion|SoulToll,StrengthSap,PartingShot,WillOWisp|Calm|252,,4,,252,|N||||,,,,,Fairy]Glaceon||LifeOrb|DiamondDust|Blizzard,FreezeDry,AuroraVeil,EarthPower|Modest|,,4,252,,252|N|,0,,,,|||,,,,,Ice]Garchomp||RockyHelmet|RoughSkin|Earthquake,DragonTail,StealthRock,Spikes|Impish|252,,216,,,40|N||||,,,,,Ghost]Roserade||HeavyDutyBoots|Masquerade|ThornedBouquet,Oxidize,NastyPlot,MortalSpin|Timid|,,,252,4,252|N||||,,,,,Water]Togekiss||ChoiceScarf|SereneGrace|AirSlash,Uturn,AlluringVoice,Flamethrower|Timid|,,,252,4,252|N||||,,,,,Flying]Lucario||LucarioniteZ|Steadfast|NastyPlot,AuraSphere,FlashCannon,HiddenPowerIce|Timid|,,,252,,252|N|,0,,,,|||,Ice,,,,Ghost\",\"rating\":1456}\n>chat ☆Bunny Stockfish|Good luck! Playing on **stockfish**.\n>p1 team 6, 3, 2, 5, 1, 4\n>p2 team 3, 2, 1, 4, 5, 6\n>p1 move stealthrock\n>p2 move dragontail\n>p1 move earthquake terastallize\n>p2 move stealthrock\n>p1 move earthquake\n>p2 move spikes\n>p1 move earthquake\n>p2 move spikes\n>p1 move earthquake\n>p2 move spikes\n>p1 move earthquake\n>p2 move earthquake\n>p1 move earthquake\n>p2 switch 4\n>p1 switch 6\n>p2 move nastyplot\n>p1 move psychicnoise dynamax\n>p2 switch 4\n>p2 switch 3\n>p1 switch 6\n>p2 move willowisp\n>p1 move earthquake\n>p2 switch 4\n>p1 move earthquake\n>p2 move thornedbouquet\n>p1 move earthquake\n>p2 move thornedbouquet\n>p2 switch 6\n>p1 switch 6\n>p2 move nastyplot mega\n>p1 move psychicnoise\n>p2 move flashcannon\n>p1 switch 3\n>p1 move headlongrush\n>p2 move hiddenpower\n>p2 switch 5\n>p1 switch 5\n>p2 move airslash\n>p1 move lavaplume\n>p2 switch 4\n>p1 move lavaplume\n>p2 move strengthsap\n>p1 move lavaplume\n>p2 move partingshot\n>p2 switch 4\n>p1 move lavaplume\n>p2 move airslash dynamax\n>p1 move lavaplume\n>p2 move airslash dynamax\n>p1 switch 5\n>p1 move icespinner\n>p2 move airslash dynamax\n>p1 switch 4\n>p1 move shadowball\n>p2 move airslash\n>p1 move shadowball\n>p2 move airslash\n>p1 switch 2\n>p1 move iciclespear\n>p2 move airslash\n>p1 move iciclespear\n>p2 move airslash\n>p1 switch 6",
	"uploadtime": 1789668068
}