{
	"id": "gen9rpubers-1-tm5aek",
	"format": "[Gen 9] RP Ubers",
	"players": [
		"SlimeQueenSamantha",
		"Bunny Stockfish"
	],
	"rating": null,
	"log": "|j|☆SlimeQueenSamantha\n|j|☆Bunny Stockfish\n|t:|1790717527\n|gametype|singles\n|player|p1|SlimeQueenSamantha|queen.png|1000\n|player|p2|Bunny Stockfish|bunny.png|1000\n|gen|9\n|tier|[Gen 9] RP Ubers\n|rated|\n|rule|HP Percentage Mod: HP is shown in percentages\n|rule|Endless Battle Clause: Forcing endless battles is banned\n|rule|Species Clause: Limit one of each Pokémon\n|rule|OHKO Clause: OHKO moves are banned\n|rule|Sleep Clause Mod: Limit one foe put to sleep\n|rule|Evasion Moves Clause: Evasion moves are banned\n|rule|Evasion Items Clause: Evasion items are banned\n|rule|Mega Rayquaza Clause: You cannot mega evolve Rayquaza\n|clearpoke\n|poke|p1|Makuro|\n|poke|p1|Chimai|\n|poke|p1|Raishin|\n|poke|p1|Regigigas|\n|poke|p1|Arceus-Steel|\n|poke|p1|Yveltal|\n|poke|p2|Golisopod|\n|poke|p2|Blissey|\n|poke|p2|Chimai|\n|poke|p2|Milotic|\n|poke|p2|Arceus|\n|poke|p2|Pecharunt|\n|teampreview\n|c|☆Bunny Stockfish|Good luck! Playing on **stockfish**.\n|\n|t:|1790717535\n|teamsize|p1|6\n|teamsize|p2|6\n|start\n|switch|p1a: Makuro|Makuro|100/100\n|switch|p2a: Chimai|Chimai|100/100\n|-fieldstart|move: Abyssal Terrain|[from] ability: Call of the Abyss|[of] p1a: Makuro\n|-message|Water and Dark moves grow stronger, and Dark types are shielded from priority moves.\n|-fieldstart|move: Sanctuary Terrain|[from] ability: Call of the Sanctuary|[of] p2a: Chimai\n|-message|Ground and Fairy moves grow stronger, and Fairy types are sheltered from having their stats lowered.\n|turn|1\n|\n|t:|1790717543\n|switch|p1a: Raishin|Raishin|100/100\n|-fieldstart|move: Shrine Terrain|[from] ability: Call of the Shrine|[of] p1a: Raishin\n|-message|Electric and Ghost moves grow stronger, and Ghost types are warded from status moves.\n|move|p2a: Chimai|Sanctuary Pulse|p1a: Raishin\n|-crit|p1a: Raishin\n|-damage|p1a: Raishin|22/100\n|\n|upkeep\n|turn|2\n|\n|t:|1790717561\n|move|p1a: Raishin|Rime Cleaver|p2a: Chimai\n|-enditem|p1a: Raishin|Ice Gem|[from] gem\n|-supereffective|p2a: Chimai\n|-damage|p2a: Chimai|48/100\n|-damage|p1a: Raishin|6/100|[from] item: Rocky Helmet|[of] p2a: Chimai\n|move|p2a: Chimai|Sanctuary Pulse|p1a: Raishin\n|-damage|p1a: Raishin|0 fnt\n|faint|p1a: Raishin\n|\n|upkeep\n|\n|t:|1790717569\n|switch|p1a: Makuro|Makuro|100/100\n|-fieldstart|move: Abyssal Terrain|[from] ability: Call of the Abyss|[of] p1a: Makuro\n|-message|Water and Dark moves grow stronger, and Dark types are shielded from priority moves.\n|turn|3\n|\n|t:|1790717572\n|switch|p2a: Golisopod|Golisopod|100/100\n|move|p1a: Makuro|Leviathan Crash|p2a: Golisopod\n|-resisted|p2a: Golisopod\n|-damage|p2a: Golisopod|72/100\n|\n|upkeep\n|turn|4\n|\n|t:|1790717578\n|switch|p1a: Yveltal|Yveltal|100/100\n|-ability|p1a: Yveltal|Dark Aura\n|-terastallize|p2a: Golisopod|Bug\n|move|p2a: Golisopod|First Impression|p1a: Yveltal\n|-activate|p1a: Yveltal|move: Abyssal Terrain\n|\n|upkeep\n|turn|5\n|\n|t:|1790717584\n|move|p1a: Yveltal|Punishment|p2a: Golisopod\n|-damage|p2a: Golisopod|32/100\n|-activate|p2a: Golisopod|ability: Emergency Exit\n|\n|t:|1790717585\n|switch|p2a: Chimai|Chimai|48/100\n|-fieldstart|move: Sanctuary Terrain|[from] ability: Call of the Sanctuary|[of] p2a: Chimai\n|-message|Ground and Fairy moves grow stronger, and Fairy types are sheltered from having their stats lowered.\n|\n|upkeep\n|turn|6\n|\n|t:|1790717590\n|switch|p1a: Arceus|Arceus-Steel|100/100\n|move|p2a: Chimai|Sanctuary Pulse|p1a: Arceus\n|-resisted|p1a: Arceus\n|-damage|p1a: Arceus|74/100\n|\n|upkeep\n|turn|7\n|\n|t:|1790717594\n|move|p1a: Arceus|Judgment|p2a: Chimai\n|-supereffective|p2a: Chimai\n|-damage|p2a: Chimai|0 fnt\n|faint|p2a: Chimai\n|\n|upkeep\n|\n|t:|1790717595\n|switch|p2a: Milotic|Milotic|100/100\n|turn|8\n|\n|t:|1790717598\n|move|p1a: Arceus|Stealth Rock|p2a: Milotic\n|-sidestart|p2: Bunny Stockfish|move: Stealth Rock\n|move|p2a: Milotic|Scald|p1a: Arceus\n|-damage|p1a: Arceus|57/100\n|\n|upkeep\n|turn|9\n|\n|t:|1790717640\n|switch|p1a: Regigigas|Regigigas|100/100\n|-ability|p1a: Regigigas|Colossus Unbound\n|-message|Regigigas has awoken, and it is unbound!\n|move|p2a: Milotic|Scald|p1a: Regigigas\n|-damage|p1a: Regigigas|78/100\n|\n|-fieldend|move: Sanctuary Terrain\n|upkeep\n|turn|10\n|\n|t:|1790717643\n|move|p1a: Regigigas|Continental Heave|p2a: Milotic\n|-damage|p2a: Milotic|22/100\n|move|p2a: Milotic|Toxic|p1a: Regigigas\n|-status|p1a: Regigigas|tox\n|\n|-heal|p2a: Milotic|28/100|[from] item: Leftovers\n|-damage|p1a: Regigigas|72/100 tox|[from] psn\n|upkeep\n|turn|11\n|\n|t:|1790717645\n|switch|p2a: Pecharunt|Pecharunt|100/100\n|-damage|p2a: Pecharunt|88/100|[from] Stealth Rock\n|move|p1a: Regigigas|Continental Heave|p2a: Pecharunt\n|-immune|p2a: Pecharunt\n|\n|-heal|p2a: Pecharunt|94/100|[from] item: Black Sludge\n|-damage|p1a: Regigigas|60/100 tox|[from] psn\n|upkeep\n|turn|12\n|\n|t:|1790717675\n|move|p1a: Regigigas|Continental Heave|p2a: Pecharunt\n|-immune|p2a: Pecharunt\n|move|p2a: Pecharunt|Curse|p1a: Regigigas\n|-start|p1a: Regigigas|Curse|[of] p2a: Pecharunt\n|-damage|p2a: Pecharunt|44/100\n|\n|-heal|p2a: Pecharunt|50/100|[from] item: Black Sludge\n|-damage|p1a: Regigigas|42/100 tox|[from] psn\n|-damage|p1a: Regigigas|17/100 tox|[from] Curse\n|upkeep\n|turn|13\n|\n|t:|1790717678\n|switch|p1a: Yveltal|Yveltal|100/100\n|-ability|p1a: Yveltal|Dark Aura\n|move|p2a: Pecharunt|Recover|p2a: Pecharunt\n|-heal|p2a: Pecharunt|99/100\n|\n|-heal|p2a: Pecharunt|100/100|[from] item: Black Sludge\n|upkeep\n|turn|14\n|\n|t:|1790717685\n|move|p1a: Yveltal|Punishment|p2a: Pecharunt\n|-supereffective|p2a: Pecharunt\n|-damage|p2a: Pecharunt|51/100\n|move|p2a: Pecharunt|Toxic|p1a: Yveltal\n|-status|p1a: Yveltal|tox\n|-start|p1a: Yveltal|confusion|[from] ability: Poison Puppeteer|[of] p2a: Pecharunt\n|\n|-heal|p2a: Pecharunt|57/100|[from] item: Black Sludge\n|-damage|p1a: Yveltal|94/100 tox|[from] psn\n|upkeep\n|turn|15\n|\n|t:|1790717688\n|switch|p2a: Arceus|Arceus|100/100\n|-damage|p2a: Arceus|88/100|[from] Stealth Rock\n|-activate|p1a: Yveltal|confusion\n|move|p1a: Yveltal|Punishment|p2a: Arceus\n|-damage|p2a: Arceus|62/100\n|\n|-heal|p2a: Arceus|68/100|[from] item: Leftovers\n|-damage|p1a: Yveltal|82/100 tox|[from] psn\n|upkeep\n|turn|16\n|\n|t:|1790717693\n|switch|p1a: Makuro|Makuro|100/100\n|-fieldstart|move: Abyssal Terrain|[from] ability: Call of the Abyss|[of] p1a: Makuro\n|-message|Water and Dark moves grow stronger, and Dark types are shielded from priority moves.\n|move|p2a: Arceus|Body Slam|p1a: Makuro\n|-damage|p1a: Makuro|75/100\n|\n|-heal|p2a: Arceus|74/100|[from] item: Leftovers\n|upkeep\n|turn|17\n|\n|t:|1790717700\n|move|p1a: Makuro|Leviathan Crash|p2a: Arceus\n|-damage|p2a: Arceus|20/100\n|move|p2a: Arceus|Will-O-Wisp|p1a: Makuro\n|-status|p1a: Makuro|brn\n|\n|-heal|p2a: Arceus|26/100|[from] item: Leftovers\n|-damage|p1a: Makuro|69/100 brn|[from] brn\n|upkeep\n|turn|18\n|\n|t:|1790717704\n|-start|p2a: Arceus|Dynamax|\n|-heal|p2a: Arceus|26/100|[silent]\n|move|p1a: Makuro|Leviathan Crash|p2a: Arceus\n|-damage|p2a: Arceus|14/100\n|move|p2a: Arceus|Max Strike|p1a: Makuro\n|-damage|p1a: Makuro|26/100 brn\n|-unboost|p1a: Makuro|spe|1\n|\n|-heal|p2a: Arceus|17/100|[from] item: Leftovers\n|-damage|p1a: Makuro|20/100 brn|[from] brn\n|upkeep\n|turn|19\n|\n|t:|1790717706\n|move|p1a: Makuro|Leviathan Crash|p2a: Arceus\n|-damage|p2a: Arceus|4/100\n|move|p2a: Arceus|Max Strike|p1a: Makuro\n|-damage|p1a: Makuro|0 fnt\n|faint|p1a: Makuro\n|\n|-heal|p2a: Arceus|7/100|[from] item: Leftovers\n|upkeep\n|\n|t:|1790717708\n|switch|p1a: Chimai|Chimai|100/100\n|-fieldstart|move: Sanctuary Terrain|[from] ability: Call of the Sanctuary|[of] p1a: Chimai\n|-message|Ground and Fairy moves grow stronger, and Fairy types are sheltered from having their stats lowered.\n|turn|20\n|\n|t:|1790717710\n|-end|p2a: Arceus|Dynamax\n|-heal|p2a: Arceus|7/100|[silent]\n|switch|p2a: Blissey|Blissey|100/100\n|-damage|p2a: Blissey|88/100|[from] Stealth Rock\n|move|p1a: Chimai|Quiver Dance|p1a: Chimai\n|-boost|p1a: Chimai|spa|1\n|-boost|p1a: Chimai|spd|1\n|-boost|p1a: Chimai|spe|1\n|\n|-heal|p2a: Blissey|94/100|[from] item: Leftovers\n|upkeep\n|turn|21\n|\n|t:|1790717718\n|move|p1a: Chimai|Quiver Dance|p1a: Chimai\n|-boost|p1a: Chimai|spa|1\n|-boost|p1a: Chimai|spd|1\n|-boost|p1a: Chimai|spe|1\n|move|p2a: Blissey|Stealth Rock|p1a: Chimai\n|-sidestart|p1: SlimeQueenSamantha|move: Stealth Rock\n|\n|-heal|p2a: Blissey|99/100|[from] item: Leftovers\n|upkeep\n|turn|22\n|\n|t:|1790717722\n|move|p1a: Chimai|Quiver Dance|p1a: Chimai\n|-boost|p1a: Chimai|spa|1\n|-boost|p1a: Chimai|spd|1\n|-boost|p1a: Chimai|spe|1\n|move|p2a: Blissey|Seismic Toss|p1a: Chimai\n|-damage|p1a: Chimai|78/100\n|\n|-heal|p2a: Blissey|100/100|[from] item: Leftovers\n|upkeep\n|turn|23\n|\n|t:|1790717724\n|move|p1a: Chimai|Quiver Dance|p1a: Chimai\n|-boost|p1a: Chimai|spa|1\n|-boost|p1a: Chimai|spd|1\n|-boost|p1a: Chimai|spe|1\n|move|p2a: Blissey|Seismic Toss|p1a: Chimai\n|-damage|p1a: Chimai|55/100\n|\n|upkeep\n|turn|24\n|\n|t:|1790717725\n|move|p1a: Chimai|Recover|p1a: Chimai\n|-heal|p1a: Chimai|100/100\n|move|p2a: Blissey|Seismic Toss|p1a: Chimai\n|-damage|p1a: Chimai|78/100\n|\n|-fieldend|move: Sanctuary Terrain\n|upkeep\n|turn|25\n|\n|t:|1790717728\n|move|p1a: Chimai|Quiver Dance|p1a: Chimai\n|-boost|p1a: Chimai|spa|1\n|-boost|p1a: Chimai|spd|1\n|-boost|p1a: Chimai|spe|1\n|move|p2a: Blissey|Seismic Toss|p1a: Chimai\n|-damage|p1a: Chimai|55/100\n|\n|upkeep\n|turn|26\n|\n|t:|1790717731\n|move|p1a: Chimai|Quiver Dance|p1a: Chimai\n|-boost|p1a: Chimai|spa|1\n|-boost|p1a: Chimai|spd|1\n|-boost|p1a: Chimai|spe|1\n|move|p2a: Blissey|Seismic Toss|p1a: Chimai\n|-damage|p1a: Chimai|33/100\n|\n|upkeep\n|turn|27\n|\n|t:|1790717732\n|move|p1a: Chimai|Recover|p1a: Chimai\n|-heal|p1a: Chimai|83/100\n|move|p2a: Blissey|Seismic Toss|p1a: Chimai\n|-damage|p1a: Chimai|60/100\n|\n|upkeep\n|turn|28\n|\n|t:|1790717735\n|-zpower|p1a: Chimai\n|move|p1a: Chimai|Twinkle Tackle|p2a: Blissey|[zeffect]\n|-damage|p2a: Blissey|0 fnt\n|faint|p2a: Blissey\n|\n|upkeep\n|\n|t:|1790717735\n|switch|p2a: Milotic|Milotic|28/100\n|-damage|p2a: Milotic|16/100|[from] Stealth Rock\n|turn|29\n|\n|t:|1790717740\n|move|p1a: Chimai|Sanctuary Pulse|p2a: Milotic\n|-damage|p2a: Milotic|0 fnt\n|-curestatus|p1: Regigigas|tox|[silent]\n|-curestatus|p1: Yveltal|tox|[silent]\n|-cureteam|p1a: Chimai|[from] move: Sanctuary Pulse\n|faint|p2a: Milotic\n|\n|upkeep\n|\n|t:|1790717740\n|switch|p2a: Pecharunt|Pecharunt|57/100\n|-damage|p2a: Pecharunt|45/100|[from] Stealth Rock\n|turn|30\n|\n|t:|1790717741\n|move|p1a: Chimai|Sanctuary Pulse|p2a: Pecharunt\n|-resisted|p2a: Pecharunt\n|-damage|p2a: Pecharunt|0 fnt\n|faint|p2a: Pecharunt\n|\n|upkeep\n|\n|t:|1790717741\n|switch|p2a: Golisopod|Golisopod, tera:Bug|32/100\n|turn|31\n|\n|t:|1790717742\n|move|p2a: Golisopod|First Impression|p1a: Chimai\n|-resisted|p1a: Chimai\n|-damage|p1a: Chimai|48/100\n|move|p1a: Chimai|Sanctuary Pulse|p2a: Golisopod\n|-damage|p2a: Golisopod|0 fnt\n|faint|p2a: Golisopod\n|\n|upkeep\n|\n|t:|1790717743\n|switch|p2a: Arceus|Arceus|7/100\n|-damage|p2a: Arceus|0 fnt|[from] Stealth Rock\n|faint|p2a: Arceus\n|\n|win|SlimeQueenSamantha\n",
	"inputlog": ">start {\"formatid\":\"gen9rpubers\",\"seed\":\"sodium,9ba80bf8c5887ba291443c648486a926\",\"rated\":\"Rated battle\"}\n>player p1 {\"name\":\"SlimeQueenSamantha\",\"avatar\":\"queen.png\",\"team\":\"Makuro||ChoiceScarf|CalloftheAbyss|abyssalmaw,leviathancrash,SuckerPunch,FlipTurn|Adamant|4,252,,,,252|N||||,,,,,Water]Chimai||FairiumZ|CalloftheSanctuary|hallowedquake,sanctuarypulse,QuiverDance,Recover|Bold|252,,252,4,,|N|,0,,,,|||,,,,,Ground]Raishin||IceGem|CalloftheShrine|shrinebellstrike,spiritthunder,sovereignrite,rimecleaver|Jolly|4,252,,,,252|N||||,,,,,Electric]Regigigas||ChoiceScarf|ColossusUnbound|continentalheave,Earthquake,DarkestLariat,FirePunch|Jolly|4,252,,,,252|N||||,,,,,Normal]Arceus|ArceusSteel|IronPlate|Multitype|Judgment,EarthPower,StealthRock,Recover|Timid|252,,,4,,252|N|,0,,,,|||,,,,,Steel]Yveltal||HeavyDutyBoots|DarkAura|Punishment,SuckerPunch,Defog,Roost|Adamant|248,252,,,8,|N||||,,,,,Dark\",\"rating\":1000}\n>player p2 {\"name\":\"Bunny Stockfish\",\"avatar\":\"bunny.png\",\"team\":\"Golisopod||HeavyDutyBoots|EmergencyExit|ShoreUp,FirstImpression,RapidSpin,Spikes|Impish|252,,252,,4,|N||||,,,,,Bug]Blissey||Leftovers|Caretaker|SoftBoiled,SeismicToss,StealthRock,HealBell|Calm|252,,4,,252,|N||||,,,,,Normal]Chimai||RockyHelmet|CalloftheSanctuary|ChrysalisVeil,SanctuaryPulse,ToxicSpikes,Toxic|Bold|252,,252,,4,|N|,0,,,,|||,,,,,Ground]Milotic||Leftovers|Unaware|Recover,Scald,Toxic,Haze|Calm|252,,4,,252,|N|,0,,,,|||,,,,,Fire]Arceus||Leftovers|Multitype|Recover,BodySlam,WillOWisp,Toxic|Impish|252,,252,,4,|N||||,,,,,Normal]Pecharunt||BlackSludge|PoisonPuppeteer|Recover,Poltergeist,Curse,Toxic|Impish|252,,252,,4,|N||||,,,,,Poison\",\"rating\":1000}\n>chat ☆Bunny Stockfish|Good luck! Playing on **stockfish**.\n>p1 team 1, 2, 3, 4, 5, 6\n>p2 team 3, 5, 6, 4, 2, 1\n>p1 switch 3\n>p2 move sanctuarypulse\n>p1 move rimecleaver\n>p2 move sanctuarypulse\n>p1 switch 3\n>p1 move leviathancrash\n>p2 switch 6\n>p1 switch 6\n>p2 move firstimpression terastallize\n>p1 move punishment\n>p2 move shoreup\n>p2 switch 6\n>p1 switch 5\n>p2 move sanctuarypulse\n>p1 move judgment\n>p2 move sanctuarypulse\n>p2 switch 4\n>p1 move stealthrock\n>p2 move scald\n>p1 switch 4\n>p2 move scald\n>p1 move continentalheave\n>p2 move toxic\n>p1 move continentalheave\n>p2 switch 3\n>p1 move continentalheave\n>p2 move curse\n>p1 switch 5\n>p2 move recover\n>p1 move punishment\n>p2 move toxic\n>p1 move punishment\n>p2 switch 2\n>p1 switch 6\n>p2 move bodyslam\n>p1 move leviathancrash\n>p2 move willowisp\n>p1 move leviathancrash\n>p2 move bodyslam dynamax\n>p1 move leviathancrash\n>p2 move bodyslam dynamax\n>p1 switch 2\n>p1 move quiverdance\n>p2 switch 5\n>p1 move quiverdance\n>p2 move stealthrock\n>p1 move quiverdance\n>p2 move seismictoss\n>p1 move quiverdance\n>p2 move seismictoss\n>p1 move recover\n>p2 move seismictoss\n>p1 move quiverdance\n>p2 move seismictoss\n>p1 move quiverdance\n>p2 move seismictoss\n>p1 move recover\n>p2 move seismictoss\n>p1 move sanctuarypulse zmove\n>p2 move seismictoss\n>p2 switch 3\n>p1 move sanctuarypulse\n>p2 move scald\n>p2 switch 2\n>p1 move sanctuarypulse\n>p2 move toxic\n>p2 switch 6\n>p1 move sanctuarypulse\n>p2 move firstimpression\n>p2 switch 5",
	"uploadtime": 1790717743
}