{
	"id": "gen9rpbattle-1-tm7okc",
	"format": "[Gen 9] RP Battle",
	"players": [
		"Leader rock hard c",
		"simia ignis"
	],
	"rating": null,
	"log": "|velvetmusic|gym|events/gym-leader-dppt\n|j|☆Leader rock hard c\n|j|☆simia ignis\n|t:|1790829121\n|gametype|singles\n|player|p1|Leader rock hard c|169|\n|player|p2|simia ignis|simia-ignis.png|\n|gen|9\n|tier|[Gen 9] RP Battle\n|clearpoke\n|poke|p1|Pupitar, L34, M|\n|poke|p1|Rockruff, L34, M|\n|poke|p1|Barbaracle-Mega, L34, M|\n|poke|p1|Naclstack, L34, F|\n|poke|p1|Growlithe-Hisui, L34, F|\n|poke|p1|Iron Boulder, L36|\n|poke|p2|Flutter Mane, L34|\n|poke|p2|Banette, L34, M|\n|poke|p2|Roaring Moon, L34|\n|poke|p2|Monferno, L34, M|\n|poke|p2|Whimsicott, L34, M|\n|poke|p2|Smeargle, L34, F|\n|teampreview\n|inactive|Battle timer is ON: inactive players will automatically lose when time's up. (requested by Leader rock hard c)\n|n|☆Leader rock hard c|leaderrockhardc\n|\n|t:|1790829127\n|teamsize|p1|6\n|teamsize|p2|6\n|start\n|switch|p1a: Barbaracle|Barbaracle-Mega, L34, M|100/100\n|switch|p2a: Whimsicott|Whimsicott, L34, M|100/100\n|turn|1\n|\n|t:|1790829130\n|move|p2a: Whimsicott|Spore|p1a: Barbaracle\n|-status|p1a: Barbaracle|slp|[from] move: Spore\n|cant|p1a: Barbaracle|slp\n|\n|upkeep\n|turn|2\n|\n|t:|1790829131\n|move|p2a: Whimsicott|Moonblast|p1a: Barbaracle\n|-supereffective|p1a: Barbaracle\n|-damage|p1a: Barbaracle|32/100 slp\n|-unboost|p1a: Barbaracle|spa|1\n|cant|p1a: Barbaracle|slp\n|\n|upkeep\n|turn|3\n|\n|t:|1790829133\n|move|p2a: Whimsicott|Moonblast|p1a: Barbaracle\n|-supereffective|p1a: Barbaracle\n|-damage|p1a: Barbaracle|0 fnt\n|faint|p1a: Barbaracle\n|\n|upkeep\n|\n|t:|1790829134\n|switch|p1a: Growlithe|Growlithe-Hisui, L34, F|100/100\n|turn|4\n|\n|t:|1790829136\n|move|p2a: Whimsicott|Spore|p1a: Growlithe\n|-status|p1a: Growlithe|slp|[from] move: Spore\n|cant|p1a: Growlithe|slp\n|\n|upkeep\n|turn|5\n|\n|t:|1790829139\n|switch|p2a: Roaring Moon|Roaring Moon, L34|100/100\n|-enditem|p2a: Roaring Moon|Booster Energy\n|-activate|p2a: Roaring Moon|ability: Protosynthesis|[fromitem]\n|-start|p2a: Roaring Moon|protosynthesisatk\n|-curestatus|p1a: Growlithe|slp|[msg]\n|move|p1a: Growlithe|Flare Blitz|p2a: Roaring Moon\n|-resisted|p2a: Roaring Moon\n|-damage|p2a: Roaring Moon|69/100\n|\n|upkeep\n|turn|6\n|\n|t:|1790829143\n|move|p2a: Roaring Moon|Dragon Dance|p2a: Roaring Moon\n|-boost|p2a: Roaring Moon|atk|1\n|-boost|p2a: Roaring Moon|spe|1\n|move|p1a: Growlithe|Flare Blitz|p2a: Roaring Moon\n|-resisted|p2a: Roaring Moon\n|-damage|p2a: Roaring Moon|40/100\n|\n|upkeep\n|turn|7\n|\n|t:|1790829146\n|move|p2a: Roaring Moon|Earthquake|p1a: Growlithe\n|-supereffective|p1a: Growlithe\n|-damage|p1a: Growlithe|0 fnt\n|faint|p1a: Growlithe\n|\n|upkeep\n|\n|t:|1790829146\n|switch|p1a: Iron Boulder|Iron Boulder, L36|100/100\n|-enditem|p1a: Iron Boulder|Booster Energy\n|-activate|p1a: Iron Boulder|ability: Quark Drive|[fromitem]\n|-start|p1a: Iron Boulder|quarkdrivespe\n|turn|8\n|\n|t:|1790829154\n|-end|p2a: Roaring Moon|Protosynthesis|[silent]\n|switch|p2a: Whimsicott|Whimsicott, L34, M|100/100\n|move|p1a: Iron Boulder|Close Combat|p2a: Whimsicott\n|-resisted|p2a: Whimsicott\n|-damage|p2a: Whimsicott|77/100\n|-unboost|p1a: Iron Boulder|def|1\n|-unboost|p1a: Iron Boulder|spd|1\n|\n|upkeep\n|turn|9\n|\n|t:|1790829156\n|move|p2a: Whimsicott|Spore|p1a: Iron Boulder\n|-status|p1a: Iron Boulder|slp|[from] move: Spore\n|cant|p1a: Iron Boulder|slp\n|\n|upkeep\n|turn|10\n|\n|t:|1790829158\n|cant|p1a: Iron Boulder|slp\n|move|p2a: Whimsicott|Moonblast|p1a: Iron Boulder\n|-damage|p1a: Iron Boulder|56/100 slp\n|\n|upkeep\n|turn|11\n|\n|t:|1790829160\n|-curestatus|p1a: Iron Boulder|slp|[msg]\n|move|p1a: Iron Boulder|Mighty Cleave|p2a: Whimsicott\n|-damage|p2a: Whimsicott|14/100\n|move|p2a: Whimsicott|Moonblast|p1a: Iron Boulder\n|-damage|p1a: Iron Boulder|9/100\n|\n|upkeep\n|turn|12\n|\n|t:|1790829165\n|move|p2a: Whimsicott|Spore|p1a: Iron Boulder\n|-status|p1a: Iron Boulder|slp|[from] move: Spore\n|cant|p1a: Iron Boulder|slp\n|\n|upkeep\n|turn|13\n|\n|t:|1790829170\n|-curestatus|p1a: Iron Boulder|slp|[msg]\n|move|p1a: Iron Boulder|Mighty Cleave|p2a: Whimsicott\n|-damage|p2a: Whimsicott|0 fnt\n|faint|p2a: Whimsicott\n|\n|upkeep\n|\n|t:|1790829172\n|switch|p2a: Flutter Mane|Flutter Mane, L34, shiny|100/100\n|-enditem|p2a: Flutter Mane|Booster Energy\n|-activate|p2a: Flutter Mane|ability: Protosynthesis|[fromitem]\n|-start|p2a: Flutter Mane|protosynthesisspa\n|turn|14\n|\n|t:|1790829175\n|move|p1a: Iron Boulder|Mighty Cleave|p2a: Flutter Mane\n|-damage|p2a: Flutter Mane|18/100\n|move|p2a: Flutter Mane|Shadow Ball|p1a: Iron Boulder\n|-supereffective|p1a: Iron Boulder\n|-damage|p1a: Iron Boulder|0 fnt\n|faint|p1a: Iron Boulder\n|-end|p1a: Iron Boulder|Quark Drive|[silent]\n|\n|upkeep\n|\n|t:|1790829175\n|switch|p1a: Pupitar|Pupitar, L34, M|100/100\n|turn|15\n|\n|t:|1790829177\n|move|p2a: Flutter Mane|Moonblast|p1a: Pupitar\n|-damage|p1a: Pupitar|2/100\n|move|p1a: Pupitar|Crunch|p2a: Flutter Mane\n|-damage|p2a: Flutter Mane|0 fnt\n|faint|p2a: Flutter Mane\n|-end|p2a: Flutter Mane|Protosynthesis|[silent]\n|\n|upkeep\n|\n|t:|1790829179\n|switch|p2a: Banette|Banette, L34, M, shiny|100/100\n|turn|16\n|\n|t:|1790829181\n|detailschange|p2a: Banette|Banette-Mega-Halloween, L34, M, shiny\n|-mega|p2a: Banette|Banette|Banettite-Halloween\n|-ability|p2a: Banette|Witching Hour\n|-message|The Witching Hour has struck! Banette's tricks can't be stopped, not even by Dark types!\n|-message|Banette's Poltergeist became Witch's Snatch!\n|move|p2a: Banette|Witch's Snatch|p1a: Pupitar\n|-damage|p1a: Pupitar|0 fnt\n|-enditem|p1a: Pupitar|Smooth Rock|[from] move: Witch's Snatch|[of] p2a: Banette\n|faint|p1a: Pupitar\n|\n|upkeep\n|\n|t:|1790829181\n|switch|p1a: Naclstack|Naclstack, L34, F|100/100\n|turn|17\n|\n|t:|1790829184\n|move|p2a: Banette|Witch's Snatch|p1a: Naclstack\n|-damage|p1a: Naclstack|17/100\n|-enditem|p1a: Naclstack|Leftovers|[from] move: Witch's Snatch|[of] p2a: Banette\n|-start|p1a: Naclstack|typeadd|Ghost|[from] move: Witch's Snatch\n|move|p1a: Naclstack|Iron Defense|p1a: Naclstack\n|-boost|p1a: Naclstack|def|2\n|\n|upkeep\n|turn|18\n|\n|t:|1790829185\n|move|p2a: Banette|Witch's Snatch|p1a: Naclstack\n|-supereffective|p1a: Naclstack\n|-damage|p1a: Naclstack|0 fnt\n|faint|p1a: Naclstack\n|\n|upkeep\n|\n|t:|1790829185\n|switch|p1a: Rockruff|Rockruff, L34, M|100/100\n|turn|19\n|\n|t:|1790829187\n|move|p2a: Banette|Witch's Snatch|p1a: Rockruff\n|-damage|p1a: Rockruff|0 fnt\n|-enditem|p1a: Rockruff|Life Orb|[from] move: Witch's Snatch|[of] p2a: Banette\n|faint|p1a: Rockruff\n|\n|win|simia ignis\n",
	"inputlog": ">start {\"formatid\":\"gen9rpbattle\",\"seed\":\"sodium,e1cf1c42667a789a862a1fb6c5940286\"}\n>player p1 {\"name\":\"Leader rock hard c\",\"avatar\":\"169\",\"team\":\"Pupitar||SmoothRock|ShedSkin|Crunch,StoneEdge,StealthRock,Pursuit|Lax|20,20,20,20,20,20||14,14,14,14,14,14||34|]Rockruff||LifeOrb|KeenEye|CragHammer,PlayRough,RockSlide,Roar|Serious|20,20,20,20,20,20||14,14,14,14,14,14||34|]Barbaracle-Mega||Barbaracite|ToughClaws|ShellSmash,CragHammer,Liquidation,LowKick|Mild|20,20,20,20,20,20||14,14,14,14,14,14||34|]Naclstack||Leftovers|PurifyingSalt|SaltCure,IronDefense,BodyPress,Recover|Sassy|20,20,20,20,20,20||14,14,14,14,14,14||34|]Growlithe-Hisui||ChoiceBand|RockHead|HeadSmash,CloseCombat,FlareBlitz,Crunch|Serious|20,20,20,20,20,20||14,14,14,14,14,14||34|]Iron Boulder||BoosterEnergy|QuarkDrive|MightyCleave,CloseCombat,Earthquake,SwordsDance|Naive|20,20,20,20,20,20||14,14,14,14,14,14||36|\",\"rating\":0}\n>player p2 {\"name\":\"simia ignis\",\"avatar\":\"simia-ignis.png\",\"team\":\"Flutter Mane||BoosterEnergy|Protosynthesis|Moonblast,ShadowBall,MysticalFire,CalmMind|||||S|34|]Banette||BanettiteHalloween|Prankster|SwordsDance,CarrionFeast,Poltergeist,PartingShot|||||S|34|]Roaring Moon||BoosterEnergy|Protosynthesis|DragonDance,Earthquake,KnockOff,Outrage||||||34|]Monferno||ChoiceBand|KindlingCrown|FlareBlitz,Uturn,CloseCombat,ThunderPunch||||||34|]Whimsicott||FocusSash|Prankster|Spore,Encore,Moonblast,Taunt||||||34|]Smeargle||FocusSash|Moody|Substitute,BatonPass,Spore,ShellSmash||||||34|\",\"rating\":0}\n>p1 team 3, 6, 2, 5, 1, 4\n>p2 team 5, 2, 3, 4, 1, 6\n>p1 move shellsmash\n>p2 move spore\n>p1 move shellsmash\n>p2 move moonblast\n>p1 move shellsmash\n>p2 move moonblast\n>p1 switch 4\n>p1 move flareblitz\n>p2 move spore\n>p1 move flareblitz\n>p2 switch 3\n>p1 move flareblitz\n>p2 move dragondance\n>p1 move flareblitz\n>p2 move earthquake\n>p1 switch 2\n>p1 move closecombat\n>p2 switch 3\n>p1 move mightycleave\n>p2 move spore\n>p1 move mightycleave\n>p2 move moonblast\n>p1 move mightycleave\n>p2 move moonblast\n>p1 move mightycleave\n>p2 move spore\n>p1 move mightycleave\n>p2 move moonblast\n>p2 switch 5\n>p1 move mightycleave\n>p2 move shadowball\n>p1 switch 5\n>p1 move crunch\n>p2 move moonblast\n>p2 switch 2\n>p1 move crunch\n>p2 move poltergeist mega\n>p1 switch 6\n>p1 move irondefense\n>p2 move witchssnatch\n>p1 move irondefense\n>p2 move witchssnatch\n>p1 switch 3\n>p1 move roar\n>p2 move witchssnatch",
	"uploadtime": 1790829187
}