{
	"id": "gen9rpou-6-tlj07m",
	"format": "[Gen 9] RP OU",
	"players": [
		"Bunny Stockfish",
		"SlimeQueenSamantha"
	],
	"rating": null,
	"log": "|j|☆Bunny Stockfish\n|j|☆SlimeQueenSamantha\n|t:|1789678318\n|gametype|singles\n|badge|p1|silver|gen9rpou|2-2\n|badge|p2|gold|gen9rpou|1-1\n|player|p1|Bunny Stockfish|bunny.png|1422\n|player|p2|SlimeQueenSamantha|queen.png|1545\n|gen|9\n|tier|[Gen 9] RP OU\n|rated|\n|rule|HP Percentage Mod: HP is shown in percentages\n|rule|Endless Battle Clause: Forcing endless battles is banned\n|rule|Species Clause: Limit one of each Pokémon\n|rule|OHKO Clause: OHKO moves are banned\n|rule|Evasion Clause: Evasion abilities, items, and moves are banned\n|rule|Evasion Abilities Clause: Evasion abilities are banned\n|rule|Evasion Items Clause: Evasion items are banned\n|rule|Evasion Moves Clause: Evasion moves are banned\n|rule|Sleep Clause Mod: Limit one foe put to sleep\n|clearpoke\n|poke|p1|Gliscor|\n|poke|p1|Greninja-*|\n|poke|p1|Spiritomb|\n|poke|p1|Glaceon|\n|poke|p1|Torkoal|\n|poke|p1|Corviknight|\n|poke|p2|Regieleki|\n|poke|p2|Magearna|\n|poke|p2|Dragonite|\n|poke|p2|Glaceon|\n|poke|p2|Diancie|\n|poke|p2|Garchomp|\n|teampreview\n|c|☆Bunny Stockfish|Good luck! Playing on **stockfish**.\n|\n|t:|1789678398\n|teamsize|p1|6\n|teamsize|p2|6\n|start\n|switch|p1a: Glaceon|Glaceon|100/100\n|switch|p2a: Regieleki|Regieleki|100/100\n|-weather|Snowscape|[from] ability: Diamond Dust|[of] p1a: Glaceon\n|turn|1\n|\n|t:|1789678401\n|-start|p1a: Glaceon|Dynamax|\n|-heal|p1a: Glaceon|100/100|[silent]\n|move|p2a: Regieleki|Light Screen|p2a: Regieleki\n|-sidestart|p2: SlimeQueenSamantha|move: Light Screen\n|move|p1a: Glaceon|Max Quake|p2a: Regieleki\n|-supereffective|p2a: Regieleki\n|-damage|p2a: Regieleki|2/100\n|-boost|p1a: Glaceon|spd|1\n|-damage|p1a: Glaceon|96/100|[from] item: Life Orb\n|\n|-weather|Snowscape|[upkeep]\n|upkeep\n|turn|2\n|\n|t:|1789678404\n|move|p2a: Regieleki|Explosion|p1a: Glaceon\n|-damage|p1a: Glaceon|75/100\n|faint|p2a: Regieleki\n|move|p1a: Glaceon|Max Quake|p2: Regieleki|[notarget]\n|-fail|p1a: Glaceon\n|\n|-weather|Snowscape|[upkeep]\n|upkeep\n|\n|t:|1789678408\n|switch|p2a: Magearna|Magearna|100/100\n|turn|3\n|\n|t:|1789678410\n|move|p1a: Glaceon|Max Quake|p2a: Magearna\n|-supereffective|p2a: Magearna\n|-damage|p2a: Magearna|43/100\n|-boost|p1a: Glaceon|spd|1\n|-enditem|p2a: Magearna|Weakness Policy\n|-boost|p2a: Magearna|atk|2|[from] item: Weakness Policy\n|-boost|p2a: Magearna|spa|2|[from] item: Weakness Policy\n|-damage|p1a: Glaceon|70/100|[from] item: Life Orb\n|move|p2a: Magearna|Calm Mind|p2a: Magearna\n|-boost|p2a: Magearna|spa|1\n|-boost|p2a: Magearna|spd|1\n|\n|-weather|Snowscape|[upkeep]\n|upkeep\n|-end|p1a: Glaceon|Dynamax\n|-heal|p1a: Glaceon|70/100|[silent]\n|turn|4\n|\n|t:|1789678416\n|move|p1a: Glaceon|Earth Power|p2a: Magearna\n|-supereffective|p2a: Magearna\n|-damage|p2a: Magearna|13/100\n|-damage|p1a: Glaceon|60/100|[from] item: Life Orb\n|move|p2a: Magearna|Shift Gear|p2a: Magearna\n|-boost|p2a: Magearna|spe|2\n|-boost|p2a: Magearna|atk|1\n|\n|-weather|Snowscape|[upkeep]\n|upkeep\n|turn|5\n|\n|t:|1789678419\n|move|p2a: Magearna|Draining Kiss|p1a: Glaceon\n|-damage|p1a: Glaceon|18/100\n|-heal|p2a: Magearna|42/100|[from] drain|[of] p1a: Glaceon\n|move|p1a: Glaceon|Earth Power|p2a: Magearna\n|-supereffective|p2a: Magearna\n|-damage|p2a: Magearna|14/100\n|-unboost|p2a: Magearna|spd|1\n|-damage|p1a: Glaceon|8/100|[from] item: Life Orb\n|\n|-weather|none\n|upkeep\n|turn|6\n|\n|t:|1789678422\n|move|p2a: Magearna|Draining Kiss|p1a: Glaceon\n|-crit|p1a: Glaceon\n|-damage|p1a: Glaceon|0 fnt\n|-heal|p2a: Magearna|19/100|[from] drain|[of] p1a: Glaceon\n|faint|p1a: Glaceon\n|-ability|p2a: Magearna|Soul-Heart|boost\n|-boost|p2a: Magearna|spa|1\n|\n|upkeep\n|\n|t:|1789678422\n|switch|p1a: Gliscor|Gliscor|100/100\n|turn|7\n|\n|t:|1789678425\n|move|p2a: Magearna|Draining Kiss|p1a: Gliscor\n|-damage|p1a: Gliscor|28/100\n|-heal|p2a: Magearna|83/100|[from] drain|[of] p1a: Gliscor\n|move|p1a: Gliscor|Earthquake|p2a: Magearna\n|-supereffective|p2a: Magearna\n|-damage|p2a: Magearna|21/100\n|\n|-status|p1a: Gliscor|tox|[from] item: Toxic Orb\n|upkeep\n|turn|8\n|\n|t:|1789678428\n|move|p2a: Magearna|Draining Kiss|p1a: Gliscor\n|-damage|p1a: Gliscor|0 fnt\n|-heal|p2a: Magearna|45/100|[from] drain|[of] p1a: Gliscor\n|faint|p1a: Gliscor\n|-ability|p2a: Magearna|Soul-Heart|boost\n|-boost|p2a: Magearna|spa|1\n|\n|-sideend|p2: SlimeQueenSamantha|move: Light Screen\n|upkeep\n|\n|t:|1789678428\n|switch|p1a: Torkoal|Torkoal|100/100\n|-weather|SunnyDay|[from] ability: Drought|[of] p1a: Torkoal\n|turn|9\n|\n|t:|1789678432\n|move|p2a: Magearna|Stored Power|p1a: Torkoal\n|-damage|p1a: Torkoal|0 fnt\n|faint|p1a: Torkoal\n|-ability|p2a: Magearna|Soul-Heart|boost\n|-boost|p2a: Magearna|spa|1\n|\n|-weather|SunnyDay|[upkeep]\n|upkeep\n|\n|t:|1789678432\n|switch|p1a: Corviknight|Corviknight|100/100\n|-ability|p1a: Corviknight|Unnerve\n|turn|10\n|\n|t:|1789678436\n|move|p2a: Magearna|Stored Power|p1a: Corviknight\n|-resisted|p1a: Corviknight\n|-damage|p1a: Corviknight|0 fnt\n|faint|p1a: Corviknight\n|\n|-weather|SunnyDay|[upkeep]\n|upkeep\n|\n|t:|1789678436\n|switch|p1a: Spiritomb|Spiritomb|100/100\n|turn|11\n|\n|t:|1789678438\n|move|p2a: Magearna|Draining Kiss|p1a: Spiritomb\n|-supereffective|p1a: Spiritomb\n|-ability|p1a: Spiritomb|Keystone Legion\n|-message|The spirits of the keystone shield Spiritomb!\n|-start|p2a: Magearna|Curse|[of] p1a: Spiritomb\n|-damage|p1a: Spiritomb|1/100\n|-heal|p2a: Magearna|100/100|[from] drain|[of] p1a: Spiritomb\n|move|p1a: Spiritomb|Soul Toll|p2a: Magearna\n|-damage|p2a: Magearna|38/100\n|-heal|p1a: Spiritomb|26/100|[from] drain|[of] p2a: Magearna\n|\n|-weather|SunnyDay|[upkeep]\n|-heal|p1a: Spiritomb|32/100|[from] item: Leftovers\n|-damage|p2a: Magearna|13/100|[from] Curse\n|upkeep\n|turn|12\n|\n|t:|1789678441\n|move|p1a: Spiritomb|Soul Toll|p2a: Magearna\n|-damage|p2a: Magearna|0 fnt\n|-heal|p1a: Spiritomb|37/100|[from] drain|[of] p2a: Magearna\n|faint|p2a: Magearna\n|-message|A soul joins the legion. Spiritomb's keystone mends!\n|\n|-weather|SunnyDay|[upkeep]\n|-heal|p1a: Spiritomb|44/100|[from] item: Leftovers\n|upkeep\n|\n|t:|1789678452\n|switch|p2a: Garchomp|Garchomp|100/100\n|turn|13\n|\n|t:|1789678458\n|switch|p1a: Greninja|Greninja|100/100\n|-zpower|p2a: Garchomp\n|move|p2a: Garchomp|Inferno Overdrive|p1a: Greninja|[zeffect]\n|-resisted|p1a: Greninja\n|-damage|p1a: Greninja|57/100\n|\n|-weather|SunnyDay|[upkeep]\n|upkeep\n|turn|14\n|\n|t:|1789678464\n|switch|p2a: Diancie|Diancie|100/100\n|move|p1a: Greninja|Ice Beam|p2a: Diancie\n|-damage|p2a: Diancie|70/100\n|-damage|p1a: Greninja|47/100|[from] item: Life Orb\n|\n|-weather|SunnyDay|[upkeep]\n|upkeep\n|turn|15\n|\n|t:|1789678469\n|detailschange|p2a: Diancie|Diancie-Mega\n|-mega|p2a: Diancie|Diancie|Diancite\n|move|p1a: Greninja|Surf|p2a: Diancie\n|-supereffective|p2a: Diancie\n|-damage|p2a: Diancie|8/100\n|-damage|p1a: Greninja|37/100|[from] item: Life Orb\n|move|p2a: Diancie|Diamond Storm|p1a: Greninja|[miss]\n|-miss|p2a: Diancie|p1a: Greninja\n|\n|-weather|SunnyDay|[upkeep]\n|upkeep\n|turn|16\n|\n|t:|1789678478\n|switch|p2a: Glaceon|Glaceon|100/100\n|-weather|Snowscape|[from] ability: Diamond Dust|[of] p2a: Glaceon\n|move|p1a: Greninja|Surf|p2a: Glaceon\n|-damage|p2a: Glaceon|28/100\n|-damage|p1a: Greninja|28/100|[from] item: Life Orb\n|\n|-weather|Snowscape|[upkeep]\n|upkeep\n|turn|17\n|\n|t:|1789678480\n|move|p2a: Glaceon|Blizzard|p1a: Greninja\n|-resisted|p1a: Greninja\n|-damage|p1a: Greninja|0 fnt\n|faint|p1a: Greninja\n|-damage|p2a: Glaceon|18/100|[from] item: Life Orb\n|\n|-weather|Snowscape|[upkeep]\n|upkeep\n|\n|t:|1789678480\n|switch|p1a: Spiritomb|Spiritomb|44/100\n|turn|18\n|\n|t:|1789678485\n|move|p2a: Glaceon|Aurora Veil|p2a: Glaceon\n|-sidestart|p2: SlimeQueenSamantha|move: Aurora Veil\n|move|p1a: Spiritomb|Soul Toll|p2a: Glaceon\n|-damage|p2a: Glaceon|1/100\n|\n|-weather|Snowscape|[upkeep]\n|-heal|p1a: Spiritomb|50/100|[from] item: Leftovers\n|upkeep\n|turn|19\n|\n|t:|1789678488\n|move|p2a: Glaceon|Blizzard|p1a: Spiritomb\n|-ability|p1a: Spiritomb|Keystone Legion\n|-message|The spirits of the keystone shield Spiritomb!\n|-start|p2a: Glaceon|Curse|[of] p1a: Spiritomb\n|-damage|p1a: Spiritomb|1/100\n|-damage|p2a: Glaceon|0 fnt|[from] item: Life Orb\n|faint|p2a: Glaceon\n|-message|A soul joins the legion. Spiritomb's keystone mends!\n|move|p1a: Spiritomb|Soul Toll|p2: Glaceon|[notarget]\n|-fail|p1a: Spiritomb\n|\n|-weather|Snowscape|[upkeep]\n|-heal|p1a: Spiritomb|7/100|[from] item: Leftovers\n|upkeep\n|\n|t:|1789678492\n|switch|p2a: Diancie|Diancie-Mega|8/100\n|turn|20\n|\n|t:|1789678496\n|move|p2a: Diancie|Moonblast|p1a: Spiritomb\n|-supereffective|p1a: Spiritomb\n|-ability|p1a: Spiritomb|Keystone Legion\n|-message|The spirits of the keystone shield Spiritomb!\n|-start|p2a: Diancie|Curse|[of] p1a: Spiritomb\n|-damage|p1a: Spiritomb|1/100\n|-unboost|p1a: Spiritomb|spa|1\n|move|p1a: Spiritomb|Soul Toll|p2a: Diancie\n|-damage|p2a: Diancie|0 fnt\n|-heal|p1a: Spiritomb|3/100|[from] drain|[of] p2a: Diancie\n|faint|p2a: Diancie\n|-message|A soul joins the legion. Spiritomb's keystone mends!\n|detailschange|p2: Diancie|Diancie|[silent]\n|\n|-weather|none\n|-heal|p1a: Spiritomb|10/100|[from] item: Leftovers\n|upkeep\n|\n|t:|1789678500\n|switch|p2a: Garchomp|Garchomp|100/100\n|turn|21\n|\n|t:|1789678502\n|move|p2a: Garchomp|Scale Shot|p1a: Spiritomb\n|-ability|p1a: Spiritomb|Keystone Legion\n|-message|The spirits of the keystone shield Spiritomb!\n|-start|p2a: Garchomp|Curse|[of] p1a: Spiritomb\n|-damage|p1a: Spiritomb|1/100\n|-damage|p1a: Spiritomb|0 fnt\n|faint|p1a: Spiritomb\n|-hitcount|p1: Spiritomb|2\n|\n|win|SlimeQueenSamantha\n",
	"inputlog": ">start {\"formatid\":\"gen9rpou\",\"seed\":\"sodium,7d57fd78d540a63af746d8fd33f3532d\",\"rated\":\"Rated battle\"}\n>player p1 {\"name\":\"Bunny Stockfish\",\"avatar\":\"bunny.png\",\"team\":\"Gliscor||ToxicOrb|PoisonHeal|SwordsDance,Facade,Earthquake,HiveFrenzy|Careful|244,,36,,228,|N||||,,,,,Normal]Greninja|GreninjaBond|LifeOrb|BattleBond|Surf,DarkPulse,WaveCharge,IceBeam|Timid|,,,252,4,252|N||||,,,,,Water]Spiritomb||Leftovers|KeystoneLegion|SoulToll,StrengthSap,WillOWisp,PartingShot|Calm|252,,4,,252,|N||||,,,,,Fairy]Glaceon||LifeOrb|DiamondDust|FreezeDry,EarthPower,SparkScamper,Blizzard|Timid|,,,252,4,252|N||||,,,,,Ice]Torkoal||HeatRock|Drought|LavaPlume,RapidSpin,StealthRock,WillOWisp|Bold|248,,8,,252,|N||||,,,,,Grass]Corviknight||RockyHelmet|Unnerve|BraveBird,IronDefense,Uturn,Roost|Impish|248,,252,,8,|N||||,,,,,Fighting\",\"rating\":1422}\n>player p2 {\"name\":\"SlimeQueenSamantha\",\"avatar\":\"queen.png\",\"team\":\"Regieleki||LightClay|Transistor|LightScreen,Reflect,Explosion,Thunderbolt|Hasty|252,4,,,,252|N||||,,,,,Electric]Magearna||WeaknessPolicy|SoulHeart|CalmMind,ShiftGear,DrainingKiss,StoredPower|Timid|,,4,252,,252|N|,0,,,,|||,,,,,Fire]Dragonite||HeavyDutyBoots|Multiscale|DragonDance,ExtremeSpeed,IceSpinner,Earthquake|Adamant|,252,,,4,252|N||||,,,,,Normal]Glaceon||LifeOrb|DiamondDust|Blizzard,FreezeDry,AuroraVeil,EarthPower|Modest|,,,252,4,252|N|,0,,,,|||,,,,,Ice]Diancie||Diancite|ClearBody|DiamondStorm,Moonblast,Explosion,Spikes|Hasty|108,,,184,,216|N||||,,,,,Ghost]Garchomp||FiriumZ|RoughSkin|SwordsDance,Earthquake,ScaleShot,FireBlast|Naive|,252,,4,,252|N||||,,,,,Ground\",\"rating\":1545}\n>chat ☆Bunny Stockfish|Good luck! Playing on **stockfish**.\n>p1 team 4, 2, 1, 6, 3, 5\n>p2 team 1, 2, 3, 4, 5, 6\n>p1 move earthpower dynamax\n>p2 move lightscreen\n>p1 move earthpower dynamax\n>p2 move explosion\n>p2 switch 2\n>p1 move earthpower dynamax\n>p2 move calmmind\n>p1 move earthpower\n>p2 move shiftgear\n>p1 move earthpower\n>p2 move drainingkiss\n>p1 move earthpower\n>p2 move drainingkiss\n>p1 switch 3\n>p1 move earthquake\n>p2 move drainingkiss\n>p1 move earthquake\n>p2 move drainingkiss\n>p1 switch 6\n>p1 move lavaplume\n>p2 move storedpower\n>p1 switch 4\n>p1 move bravebird\n>p2 move storedpower\n>p1 switch 5\n>p1 move soultoll\n>p2 move drainingkiss\n>p1 move soultoll\n>p2 move drainingkiss\n>p2 switch 6\n>p1 switch 2\n>p2 move fireblast zmove\n>p1 move icebeam\n>p2 switch 5\n>p1 move surf\n>p2 move diamondstorm mega\n>p1 move surf\n>p2 switch 4\n>p1 move surf\n>p2 move blizzard\n>p1 switch 2\n>p1 move soultoll\n>p2 move auroraveil\n>p1 move soultoll\n>p2 move blizzard\n>p2 switch 4\n>p1 move soultoll\n>p2 move moonblast\n>p2 switch 5\n>p1 move soultoll\n>p2 move scaleshot",
	"uploadtime": 1789678502
}