{
	"id": "gen9rpou-9-tm5heg",
	"format": "[Gen 9] RP OU",
	"players": [
		"Bunny Stockfish",
		"SlimeQueenSamantha"
	],
	"rating": null,
	"log": "|j|☆Bunny Stockfish\n|j|☆SlimeQueenSamantha\n|t:|1790731402\n|gametype|singles\n|badge|p1|bronze|gen9rpou|3-3\n|badge|p2|silver|gen9rpou|2-2\n|player|p1|Bunny Stockfish|bunny.png|1332\n|player|p2|SlimeQueenSamantha|queen.png|1493\n|gen|9\n|tier|[Gen 9] RP OU\n|rated|\n|rule|HP Percentage Mod: HP is shown in percentages\n|rule|Endless Battle Clause: Forcing endless battles is banned\n|rule|Species Clause: Limit one of each Pokémon\n|rule|OHKO Clause: OHKO moves are banned\n|rule|Evasion Clause: Evasion abilities, items, and moves are banned\n|rule|Evasion Abilities Clause: Evasion abilities are banned\n|rule|Evasion Items Clause: Evasion items are banned\n|rule|Evasion Moves Clause: Evasion moves are banned\n|rule|Sleep Clause Mod: Limit one foe put to sleep\n|clearpoke\n|poke|p1|Hatterene|\n|poke|p1|Raging Bolt|\n|poke|p1|Magearna|\n|poke|p1|Ferrothorn|\n|poke|p1|Spiritomb|\n|poke|p1|Samurott-Hisui|\n|poke|p2|Lugia|\n|poke|p2|Blissey|\n|poke|p2|Registeel|\n|poke|p2|Umbreon|\n|poke|p2|Spiritomb|\n|poke|p2|Clodsire|\n|teampreview\n|c|☆Bunny Stockfish|Good luck! Playing on **stockfish**.\n|\n|t:|1790731409\n|teamsize|p1|6\n|teamsize|p2|6\n|start\n|switch|p1a: Raging Bolt|Raging Bolt|100/100\n|switch|p2a: Blissey|Blissey|100/100\n|turn|1\n|\n|t:|1790731411\n|move|p1a: Raging Bolt|Draco Meteor|p2a: Blissey\n|-damage|p2a: Blissey|58/100\n|-unboost|p1a: Raging Bolt|spa|2\n|move|p2a: Blissey|Stealth Rock|p1a: Raging Bolt\n|-sidestart|p1: Bunny Stockfish|move: Stealth Rock\n|\n|upkeep\n|turn|2\n|\n|t:|1790731413\n|-end|p1a: Raging Bolt|Protosynthesis|[silent]\n|switch|p1a: Samurott|Samurott-Hisui|100/100\n|-damage|p1a: Samurott|88/100|[from] Stealth Rock\n|move|p2a: Blissey|Soft-Boiled|p2a: Blissey\n|-heal|p2a: Blissey|100/100\n|\n|upkeep\n|turn|3\n|\n|t:|1790731417\n|switch|p2a: Umbreon|Umbreon|100/100\n|-terastallize|p1a: Samurott|Water\n|move|p1a: Samurott|Aqua Cutter|p2a: Umbreon\n|-damage|p2a: Umbreon|49/100\n|\n|-heal|p2a: Umbreon|55/100|[from] item: Leftovers\n|upkeep\n|turn|4\n|\n|t:|1790731423\n|move|p2a: Umbreon|Protect|p2a: Umbreon\n|-singleturn|p2a: Umbreon|Protect\n|move|p1a: Samurott|Aqua Cutter|p2a: Umbreon\n|-activate|p2a: Umbreon|move: Protect\n|\n|-heal|p2a: Umbreon|61/100|[from] item: Leftovers\n|upkeep\n|turn|5\n|\n|t:|1790731426\n|switch|p2a: Clodsire|Clodsire|100/100\n|move|p1a: Samurott|Aqua Cutter|p2a: Clodsire\n|-immune|p2a: Clodsire|[from] ability: Water Absorb\n|\n|upkeep\n|turn|6\n|\n|t:|1790731430\n|switch|p1a: Ferrothorn|Ferrothorn|100/100\n|-damage|p1a: Ferrothorn|94/100|[from] Stealth Rock\n|move|p2a: Clodsire|Toxic Spikes|p1a: Ferrothorn\n|-sidestart|p1: Bunny Stockfish|move: Toxic Spikes\n|\n|-heal|p1a: Ferrothorn|100/100|[from] item: Leftovers\n|upkeep\n|turn|7\n|\n|t:|1790731433\n|move|p2a: Clodsire|Toxic Spikes|p1a: Ferrothorn\n|-sidestart|p1: Bunny Stockfish|move: Toxic Spikes\n|move|p1a: Ferrothorn|Stealth Rock|p2a: Clodsire\n|-sidestart|p2: SlimeQueenSamantha|move: Stealth Rock\n|\n|upkeep\n|turn|8\n|\n|t:|1790731435\n|move|p1a: Ferrothorn|Spikes|p2a: Clodsire\n|-sidestart|p2: SlimeQueenSamantha|Spikes\n|move|p2a: Clodsire|Earthquake|p1a: Ferrothorn\n|-damage|p1a: Ferrothorn|86/100\n|\n|-heal|p1a: Ferrothorn|92/100|[from] item: Leftovers\n|upkeep\n|turn|9\n|\n|t:|1790731438\n|switch|p2a: Umbreon|Umbreon|61/100\n|-damage|p2a: Umbreon|49/100|[from] Stealth Rock\n|-damage|p2a: Umbreon|37/100|[from] Spikes\n|-start|p1a: Ferrothorn|Dynamax|\n|-heal|p1a: Ferrothorn|92/100|[silent]\n|move|p1a: Ferrothorn|Max Overgrowth|p2a: Umbreon\n|-damage|p2a: Umbreon|2/100\n|-fieldstart|move: Grassy Terrain\n|\n|-heal|p2a: Umbreon|8/100|[from] Grassy Terrain\n|-heal|p2a: Umbreon|14/100|[from] item: Leftovers\n|-heal|p1a: Ferrothorn|95/100|[from] Grassy Terrain\n|-heal|p1a: Ferrothorn|99/100|[from] item: Leftovers\n|upkeep\n|turn|10\n|\n|t:|1790731441\n|move|p2a: Umbreon|Protect|p2a: Umbreon\n|-singleturn|p2a: Umbreon|Protect\n|move|p1a: Ferrothorn|Max Overgrowth|p2a: Umbreon\n|-zbroken|p2a: Umbreon\n|-damage|p2a: Umbreon|5/100\n|\n|-heal|p2a: Umbreon|11/100|[from] Grassy Terrain\n|-heal|p2a: Umbreon|17/100|[from] item: Leftovers\n|-heal|p1a: Ferrothorn|100/100|[from] Grassy Terrain\n|upkeep\n|turn|11\n|\n|t:|1790731447\n|move|p2a: Umbreon|Wish|p2a: Umbreon\n|move|p1a: Ferrothorn|Max Overgrowth|p2a: Umbreon\n|-damage|p2a: Umbreon|0 fnt\n|faint|p2a: Umbreon\n|\n|upkeep\n|\n|t:|1790731454\n|switch|p2a: Lugia|Lugia|100/100\n|-end|p1a: Ferrothorn|Dynamax\n|-heal|p1a: Ferrothorn|100/100|[silent]\n|turn|12\n|\n|t:|1790731455\n|move|p2a: Lugia|Calm Mind|p2a: Lugia\n|-boost|p2a: Lugia|spa|1\n|-boost|p2a: Lugia|spd|1\n|move|p1a: Ferrothorn|Spikes|p2a: Lugia\n|-sidestart|p2: SlimeQueenSamantha|Spikes\n|\n|upkeep\n|turn|13\n|\n|t:|1790731457\n|move|p2a: Lugia|Calm Mind|p2a: Lugia\n|-boost|p2a: Lugia|spa|1\n|-boost|p2a: Lugia|spd|1\n|move|p1a: Ferrothorn|Spikes|p2a: Lugia\n|-sidestart|p2: SlimeQueenSamantha|Spikes\n|\n|-fieldend|move: Grassy Terrain\n|upkeep\n|turn|14\n|\n|t:|1790731458\n|move|p2a: Lugia|Calm Mind|p2a: Lugia\n|-boost|p2a: Lugia|spa|1\n|-boost|p2a: Lugia|spd|1\n|move|p1a: Ferrothorn|Power Whip|p2a: Lugia\n|-resisted|p2a: Lugia\n|-damage|p2a: Lugia|94/100\n|\n|upkeep\n|turn|15\n|\n|t:|1790731459\n|move|p2a: Lugia|Calm Mind|p2a: Lugia\n|-boost|p2a: Lugia|spa|1\n|-boost|p2a: Lugia|spd|1\n|move|p1a: Ferrothorn|Power Whip|p2a: Lugia\n|-resisted|p2a: Lugia\n|-damage|p2a: Lugia|81/100\n|\n|upkeep\n|turn|16\n|\n|t:|1790731461\n|move|p2a: Lugia|Calm Mind|p2a: Lugia\n|-boost|p2a: Lugia|spa|1\n|-boost|p2a: Lugia|spd|1\n|move|p1a: Ferrothorn|Power Whip|p2a: Lugia\n|-resisted|p2a: Lugia\n|-damage|p2a: Lugia|69/100\n|\n|upkeep\n|turn|17\n|\n|t:|1790731462\n|move|p2a: Lugia|Calm Mind|p2a: Lugia\n|-boost|p2a: Lugia|spa|1\n|-boost|p2a: Lugia|spd|1\n|move|p1a: Ferrothorn|Power Whip|p2a: Lugia\n|-resisted|p2a: Lugia\n|-damage|p2a: Lugia|56/100\n|\n|upkeep\n|turn|18\n|\n|t:|1790731464\n|move|p2a: Lugia|Recover|p2a: Lugia\n|-heal|p2a: Lugia|100/100\n|move|p1a: Ferrothorn|Power Whip|p2a: Lugia\n|-resisted|p2a: Lugia\n|-damage|p2a: Lugia|94/100\n|\n|upkeep\n|turn|19\n|\n|t:|1790731466\n|move|p2a: Lugia|Air Slash|p1a: Ferrothorn\n|-damage|p1a: Ferrothorn|21/100\n|cant|p1a: Ferrothorn|flinch\n|\n|-heal|p1a: Ferrothorn|27/100|[from] item: Leftovers\n|upkeep\n|turn|20\n|\n|t:|1790731469\n|move|p2a: Lugia|Air Slash|p1a: Ferrothorn\n|-damage|p1a: Ferrothorn|0 fnt\n|faint|p1a: Ferrothorn\n|\n|upkeep\n|\n|t:|1790731469\n|switch|p1a: Spiritomb|Spiritomb|100/100\n|-damage|p1a: Spiritomb|88/100|[from] Stealth Rock\n|-status|p1a: Spiritomb|tox\n|turn|21\n|\n|t:|1790731473\n|move|p2a: Lugia|Recover|p2a: Lugia\n|-heal|p2a: Lugia|100/100\n|move|p1a: Spiritomb|Soul Toll|p2a: Lugia\n|-supereffective|p2a: Lugia\n|-damage|p2a: Lugia|96/100\n|\n|-heal|p1a: Spiritomb|94/100 tox|[from] item: Leftovers\n|-damage|p1a: Spiritomb|88/100 tox|[from] psn\n|upkeep\n|turn|22\n|\n|t:|1790731475\n|move|p2a: Lugia|Air Slash|p1a: Spiritomb\n|-crit|p1a: Spiritomb\n|-damage|p1a: Spiritomb|5/100 tox\n|move|p1a: Spiritomb|Soul Toll|p2a: Lugia\n|-supereffective|p2a: Lugia\n|-damage|p2a: Lugia|87/100\n|\n|-heal|p1a: Spiritomb|11/100 tox|[from] item: Leftovers\n|-damage|p1a: Spiritomb|0 fnt|[from] psn\n|faint|p1a: Spiritomb\n|upkeep\n|\n|t:|1790731475\n|switch|p1a: Magearna|Magearna|100/100\n|-damage|p1a: Magearna|95/100|[from] Stealth Rock\n|turn|23\n|\n|t:|1790731477\n|move|p2a: Lugia|Earth Power|p1a: Magearna\n|-supereffective|p1a: Magearna\n|-damage|p1a: Magearna|0 fnt\n|faint|p1a: Magearna\n|\n|upkeep\n|\n|t:|1790731477\n|switch|p1a: Hatterene|Hatterene|100/100\n|-damage|p1a: Hatterene|88/100|[from] Stealth Rock\n|-status|p1a: Hatterene|tox\n|turn|24\n|\n|t:|1790731479\n|move|p2a: Lugia|Air Slash|p1a: Hatterene\n|-damage|p1a: Hatterene|0 fnt\n|faint|p1a: Hatterene\n|\n|upkeep\n|\n|t:|1790731479\n|switch|p1a: Samurott|Samurott-Hisui, tera:Water|88/100\n|-damage|p1a: Samurott|76/100|[from] Stealth Rock\n|-status|p1a: Samurott|tox\n|turn|25\n|\n|t:|1790731481\n|-start|p2a: Lugia|Dynamax|\n|-heal|p2a: Lugia|87/100|[silent]\n|move|p1a: Samurott|Ceaseless Edge|p2a: Lugia\n|-supereffective|p2a: Lugia\n|-damage|p2a: Lugia|58/100\n|move|p2a: Lugia|Max Airstream|p1a: Samurott\n|-damage|p1a: Samurott|0 fnt\n|-boost|p2a: Lugia|spe|1\n|faint|p1a: Samurott\n|\n|upkeep\n|\n|t:|1790731481\n|switch|p1a: Raging Bolt|Raging Bolt|100/100\n|-damage|p1a: Raging Bolt|88/100|[from] Stealth Rock\n|-status|p1a: Raging Bolt|tox\n|turn|26\n|\n|t:|1790731483\n|move|p1a: Raging Bolt|Thunderclap|p2a: Lugia\n|-supereffective|p2a: Lugia\n|-damage|p2a: Lugia|49/100\n|move|p2a: Lugia|Max Quake|p1a: Raging Bolt\n|-supereffective|p1a: Raging Bolt\n|-damage|p1a: Raging Bolt|0 fnt\n|-boost|p2a: Lugia|spd|0\n|faint|p1a: Raging Bolt\n|-end|p1a: Raging Bolt|Protosynthesis|[silent]\n|\n|win|SlimeQueenSamantha\n",
	"inputlog": ">start {\"formatid\":\"gen9rpou\",\"seed\":\"sodium,c4503041a336534dc9356b01e28351dd\",\"rated\":\"Rated battle\"}\n>player p1 {\"name\":\"Bunny Stockfish\",\"avatar\":\"bunny.png\",\"team\":\"Hatterene||RockyHelmet|MagicBounce|PsychicNoise,DrainingKiss,PainSplit,VelvetPress|Bold|252,,204,,,52|N|,0,,,,|||,,,,,Water]Raging Bolt||ChoiceSpecs|Protosynthesis|Thunderbolt,VoltSwitch,Thunderclap,DracoMeteor|Modest|,,4,252,,252|N|,20,,,,|||,,,,,Fairy]Magearna||LifeOrb|SoulHeart|FleurCannon,IronHead,Penance|Modest|,,,252,4,252|N||||,,,,,Ground]Ferrothorn||Leftovers|IronBarbs|PowerWhip,StealthRock,GrassyGlide,Spikes|Impish|252,,252,,4,|N||||,,,,,Grass]Spiritomb||Leftovers|KeystoneLegion|SoulToll,StrengthSap,WillOWisp,PartingShot|Calm|252,,4,,252,|N||||,,,,,Fairy]Samurott|SamurottHisui|ChoiceScarf|Sharpness|CeaselessEdge,AquaCutter,KnockOff,FlipTurn|Jolly|,252,4,,,252|N||||,,,,,Water\",\"rating\":1332}\n>player p2 {\"name\":\"SlimeQueenSamantha\",\"avatar\":\"queen.png\",\"team\":\"Lugia||HeavyDutyBoots|Multiscale|CalmMind,AirSlash,EarthPower,Recover|Timid|248,,8,,,252|N|,0,,,,|||,,,,,Ground]Blissey||HeavyDutyBoots|Caretaker|SoftBoiled,StealthRock,Toxic,SeismicToss|Bold|252,,252,,4,|N|,0,,,,|||,,,,,Water]Registeel||Leftovers|Unaware|SlackOff,IronDefense,Amnesia,velvetpress|Calm|252,,,4,252,|N|,0,,,,|||,,,,,Fairy]Umbreon||Leftovers|MoonlitVenom|Wish,Protect,KnockOff,Teleport|Careful|252,4,,,252,|N||||,,,,,Poison]Spiritomb||Leftovers|KeystoneLegion|soultoll,StrengthSap,PartingShot,WillOWisp|Careful|252,4,,,252,|N||S||,,,,,Dragon]Clodsire||HeavyDutyBoots|WaterAbsorb|ToxicSpikes,Punishment,Earthquake,Recover|Careful|248,8,244,,8,|N||||,,,,,Fire\",\"rating\":1493}\n>chat ☆Bunny Stockfish|Good luck! Playing on **stockfish**.\n>p1 team 2, 6, 3, 1, 5, 4\n>p2 team 2, 1, 3, 4, 5, 6\n>p1 move dracometeor\n>p2 move stealthrock\n>p1 switch 2\n>p2 move softboiled\n>p1 move aquacutter terastallize\n>p2 switch 4\n>p1 move aquacutter\n>p2 move protect\n>p1 move aquacutter\n>p2 switch 6\n>p1 switch 6\n>p2 move toxicspikes\n>p1 move stealthrock\n>p2 move toxicspikes\n>p1 move spikes\n>p2 move earthquake\n>p1 move powerwhip dynamax\n>p2 switch 6\n>p1 move grassyglide dynamax\n>p2 move protect\n>p1 move grassyglide dynamax\n>p2 move wish\n>p2 switch 2\n>p1 move spikes\n>p2 move calmmind\n>p1 move spikes\n>p2 move calmmind\n>p1 move powerwhip\n>p2 move calmmind\n>p1 move powerwhip\n>p2 move calmmind\n>p1 move powerwhip\n>p2 move calmmind\n>p1 move powerwhip\n>p2 move calmmind\n>p1 move powerwhip\n>p2 move recover\n>p1 move powerwhip\n>p2 move airslash\n>p1 move powerwhip\n>p2 move airslash\n>p1 switch 5\n>p1 move soultoll\n>p2 move recover\n>p1 move soultoll\n>p2 move airslash\n>p1 switch 3\n>p1 move ironhead\n>p2 move earthpower\n>p1 switch 4\n>p1 move velvetpress\n>p2 move airslash\n>p1 switch 6\n>p1 move ceaselessedge\n>p2 move airslash dynamax\n>p1 switch 2\n>p1 move thunderclap\n>p2 move earthpower dynamax",
	"uploadtime": 1790731483
}