{
	"id": "gen9rpou-2-tliry4",
	"format": "[Gen 9] RP OU",
	"players": [
		"Bunny Stockfish",
		"SlimeQueenSamantha"
	],
	"rating": null,
	"log": "|j|☆Bunny Stockfish\n|j|☆SlimeQueenSamantha\n|t:|1789667846\n|gametype|singles\n|player|p1|Bunny Stockfish|bunny.png|1332\n|player|p2|SlimeQueenSamantha|queen.png|1442\n|gen|9\n|tier|[Gen 9] RP OU\n|rated|\n|rule|HP Percentage Mod: HP is shown in percentages\n|rule|Endless Battle Clause: Forcing endless battles is banned\n|rule|Species Clause: Limit one of each Pokémon\n|rule|OHKO Clause: OHKO moves are banned\n|rule|Evasion Clause: Evasion abilities, items, and moves are banned\n|rule|Evasion Abilities Clause: Evasion abilities are banned\n|rule|Evasion Items Clause: Evasion items are banned\n|rule|Evasion Moves Clause: Evasion moves are banned\n|rule|Sleep Clause Mod: Limit one foe put to sleep\n|clearpoke\n|poke|p1|Torkoal|\n|poke|p1|Iron Valiant|\n|poke|p1|Cinderace|\n|poke|p1|Pecharunt|\n|poke|p1|Great Tusk|\n|poke|p1|Samurott-Hisui|\n|poke|p2|Spiritomb|\n|poke|p2|Glaceon|\n|poke|p2|Garchomp|\n|poke|p2|Roserade|\n|poke|p2|Togekiss|\n|poke|p2|Lucario|\n|teampreview\n|c|☆Bunny Stockfish|Good luck! Playing on **stockfish**.\n|\n|t:|1789667855\n|teamsize|p1|6\n|teamsize|p2|6\n|start\n|switch|p1a: Cinderace|Cinderace|100/100\n|switch|p2a: Garchomp|Garchomp|100/100\n|turn|1\n|\n|t:|1789667858\n|switch|p1a: Great Tusk|Great Tusk|100/100\n|move|p2a: Garchomp|Stealth Rock|p1a: Great Tusk\n|-sidestart|p1: Bunny Stockfish|move: Stealth Rock\n|\n|upkeep\n|turn|2\n|\n|t:|1789667862\n|-start|p1a: Great Tusk|Dynamax|\n|-heal|p1a: Great Tusk|100/100|[silent]\n|move|p1a: Great Tusk|Max Hailstorm|p2a: Garchomp\n|-supereffective|p2a: Garchomp\n|-damage|p2a: Garchomp|3/100\n|-weather|Hail\n|move|p2a: Garchomp|Dragon Tail|p1a: Great Tusk\n|-damage|p1a: Great Tusk|92/100\n|-block|p1a: Great Tusk|Dynamax\n|\n|-weather|Hail|[upkeep]\n|-damage|p1a: Great Tusk|89/100|[from] Hail\n|-damage|p2a: Garchomp|0 fnt|[from] Hail\n|faint|p2a: Garchomp\n|upkeep\n|\n|t:|1789667875\n|switch|p2a: Glaceon|Glaceon|100/100\n|-weather|Snowscape|[from] ability: Diamond Dust|[of] p2a: Glaceon\n|turn|3\n|\n|t:|1789667878\n|-end|p1a: Great Tusk|Dynamax\n|-heal|p1a: Great Tusk|89/100|[silent]\n|-end|p1a: Great Tusk|Protosynthesis|[silent]\n|switch|p1a: Cinderace|Cinderace|100/100\n|move|p2a: Glaceon|Blizzard|p1a: Cinderace\n|-resisted|p1a: Cinderace\n|-damage|p1a: Cinderace|37/100\n|-damage|p2a: Glaceon|91/100|[from] item: Life Orb\n|\n|-weather|Snowscape|[upkeep]\n|upkeep\n|turn|4\n|\n|t:|1789667886\n|move|p2a: Glaceon|Blizzard|p1a: Cinderace\n|-resisted|p1a: Cinderace\n|-damage|p1a: Cinderace|0 fnt\n|faint|p1a: Cinderace\n|-damage|p2a: Glaceon|81/100|[from] item: Life Orb\n|\n|-weather|Snowscape|[upkeep]\n|upkeep\n|\n|t:|1789667886\n|switch|p1a: Samurott|Samurott-Hisui|100/100\n|-damage|p1a: Samurott|88/100|[from] Stealth Rock\n|turn|5\n|\n|t:|1789667889\n|move|p2a: Glaceon|Freeze-Dry|p1a: Samurott\n|-supereffective|p1a: Samurott\n|-damage|p1a: Samurott|0 fnt\n|faint|p1a: Samurott\n|-damage|p2a: Glaceon|71/100|[from] item: Life Orb\n|\n|-weather|Snowscape|[upkeep]\n|upkeep\n|\n|t:|1789667889\n|switch|p1a: Torkoal|Torkoal|100/100\n|-damage|p1a: Torkoal|76/100|[from] Stealth Rock\n|-weather|SunnyDay|[from] ability: Drought|[of] p1a: Torkoal\n|turn|6\n|\n|t:|1789667892\n|move|p2a: Glaceon|Earth Power|p1a: Torkoal\n|-supereffective|p1a: Torkoal\n|-damage|p1a: Torkoal|0 fnt\n|faint|p1a: Torkoal\n|-damage|p2a: Glaceon|61/100|[from] item: Life Orb\n|\n|-weather|SunnyDay|[upkeep]\n|upkeep\n|\n|t:|1789667892\n|switch|p1a: Pecharunt|Pecharunt|100/100\n|-damage|p1a: Pecharunt|88/100|[from] Stealth Rock\n|-item|p1a: Pecharunt|Air Balloon\n|turn|7\n|\n|t:|1789667895\n|move|p1a: Pecharunt|Nasty Plot|p1a: Pecharunt\n|-boost|p1a: Pecharunt|spa|2\n|move|p2a: Glaceon|Blizzard|p1a: Pecharunt\n|-damage|p1a: Pecharunt|0 fnt\n|-enditem|p1a: Pecharunt|Air Balloon\n|faint|p1a: Pecharunt\n|-damage|p2a: Glaceon|51/100|[from] item: Life Orb\n|\n|-weather|SunnyDay|[upkeep]\n|upkeep\n|\n|t:|1789667895\n|switch|p1a: Iron Valiant|Iron Valiant|100/100\n|-damage|p1a: Iron Valiant|94/100|[from] Stealth Rock\n|-enditem|p1a: Iron Valiant|Booster Energy\n|-activate|p1a: Iron Valiant|ability: Quark Drive|[fromitem]\n|-start|p1a: Iron Valiant|quarkdrivespe\n|turn|8\n|\n|t:|1789667900\n|switch|p2a: Roserade|Roserade|100/100\n|-ability|p2a: Roserade|Masquerade\n|-start|p1a: Iron Valiant|move: Taunt\n|move|p1a: Iron Valiant|Moonblast|p2a: Roserade\n|-resisted|p2a: Roserade\n|-damage|p2a: Roserade|75/100\n|\n|-weather|SunnyDay|[upkeep]\n|upkeep\n|turn|9\n|\n|t:|1789667908\n|-terastallize|p1a: Iron Valiant|Ghost\n|move|p1a: Iron Valiant|Moonblast|p2a: Roserade\n|-resisted|p2a: Roserade\n|-damage|p2a: Roserade|47/100\n|move|p2a: Roserade|Oxidize|p1a: Iron Valiant\n|-resisted|p1a: Iron Valiant\n|-damage|p1a: Iron Valiant|61/100\n|\n|-weather|SunnyDay|[upkeep]\n|upkeep\n|turn|10\n|\n|t:|1789667913\n|move|p1a: Iron Valiant|Moonblast|p2a: Roserade\n|-resisted|p2a: Roserade\n|-damage|p2a: Roserade|22/100\n|move|p2a: Roserade|Thorned Bouquet|p1a: Iron Valiant\n|-damage|p1a: Iron Valiant|0 fnt\n|-heal|p2a: Roserade|52/100|[from] drain|[of] p1a: Iron Valiant\n|faint|p1a: Iron Valiant\n|-end|p1a: Iron Valiant|Quark Drive|[silent]\n|\n|-weather|SunnyDay|[upkeep]\n|upkeep\n|\n|t:|1789667913\n|switch|p1a: Great Tusk|Great Tusk|89/100\n|-activate|p1a: Great Tusk|ability: Protosynthesis\n|-start|p1a: Great Tusk|protosynthesisspe\n|turn|11\n|\n|t:|1789667919\n|move|p1a: Great Tusk|Headlong Rush|p2a: Roserade\n|-damage|p2a: Roserade|0 fnt\n|-unboost|p1a: Great Tusk|def|1\n|-unboost|p1a: Great Tusk|spd|1\n|faint|p2a: Roserade\n|\n|-weather|SunnyDay|[upkeep]\n|upkeep\n|\n|t:|1789667922\n|switch|p2a: Togekiss|Togekiss|100/100\n|turn|12\n|\n|t:|1789667923\n|move|p2a: Togekiss|Air Slash|p1a: Great Tusk\n|-supereffective|p1a: Great Tusk\n|-damage|p1a: Great Tusk|0 fnt\n|faint|p1a: Great Tusk\n|-end|p1a: Great Tusk|Protosynthesis|[silent]\n|\n|win|SlimeQueenSamantha\n",
	"inputlog": ">start {\"formatid\":\"gen9rpou\",\"seed\":\"sodium,44e5016dc536c1938379868ae89afc98\",\"rated\":\"Rated battle\"}\n>player p1 {\"name\":\"Bunny Stockfish\",\"avatar\":\"bunny.png\",\"team\":\"Torkoal||HeatRock|Drought|LavaPlume,RapidSpin,StealthRock,WillOWisp|Bold|248,,252,,8,|N||||,,,,,Flying]Iron Valiant||BoosterEnergy|QuarkDrive|CalmMind,Moonblast,Thunderbolt,VacuumWave|Timid|,,,252,4,252|N||||,,,,,Ghost]Cinderace||HeavyDutyBoots|Libero|PyroBall,Uturn,CourtChange,HighJumpKick|Jolly|,252,,,4,252|N||||,,,G,,Fire]Pecharunt||AirBalloon|PoisonPuppeteer|NastyPlot,MalignantChain,ShadowBall,Recover|Timid|,,,252,4,252|N||||,,,,,Ghost]Great Tusk||HeavyDutyBoots|Protosynthesis|HeadlongRush,IceSpinner,RapidSpin,KnockOff|Jolly|252,4,,,,252|N||||,,,,,Water]Samurott|SamurottHisui|ChoiceScarf|Sharpness|CeaselessEdge,AquaCutter,KnockOff,SacredSword|Jolly|,252,4,,,252|N||||,,,,,Dark\",\"rating\":1332}\n>player p2 {\"name\":\"SlimeQueenSamantha\",\"avatar\":\"queen.png\",\"team\":\"Spiritomb||Leftovers|KeystoneLegion|SoulToll,StrengthSap,PartingShot,WillOWisp|Calm|252,,4,,252,|N||||,,,,,Fairy]Glaceon||LifeOrb|DiamondDust|Blizzard,FreezeDry,AuroraVeil,EarthPower|Modest|,,4,252,,252|N|,0,,,,|||,,,,,Ice]Garchomp||RockyHelmet|RoughSkin|Earthquake,DragonTail,StealthRock,Spikes|Impish|252,,216,,,40|N||||,,,,,Ghost]Roserade||HeavyDutyBoots|Masquerade|ThornedBouquet,Oxidize,NastyPlot,MortalSpin|Timid|,,,252,4,252|N||||,,,,,Water]Togekiss||ChoiceScarf|SereneGrace|AirSlash,Uturn,AlluringVoice,Flamethrower|Timid|,,,252,4,252|N||||,,,,,Flying]Lucario||LucarioniteZ|Steadfast|NastyPlot,AuraSphere,FlashCannon,HiddenPowerIce|Timid|,,,252,,252|N|,0,,,,|||,Ice,,,,Ghost\",\"rating\":1442}\n>chat ☆Bunny Stockfish|Good luck! Playing on **stockfish**.\n>p1 team 3, 2, 4, 5, 6, 1\n>p2 team 3, 2, 1, 4, 5, 6\n>p1 switch 4\n>p2 move stealthrock\n>p1 move icespinner dynamax\n>p2 move dragontail\n>p2 switch 2\n>p1 switch 4\n>p2 move blizzard\n>p1 move highjumpkick\n>p2 move blizzard\n>p1 switch 5\n>p1 move sacredsword\n>p2 move freezedry\n>p1 switch 6\n>p1 move lavaplume\n>p2 move earthpower\n>p1 switch 3\n>p1 move nastyplot\n>p2 move blizzard\n>p1 switch 2\n>p1 move moonblast\n>p2 switch 4\n>p1 move moonblast terastallize\n>p2 move oxidize\n>p1 move moonblast\n>p2 move thornedbouquet\n>p1 switch 4\n>p1 move headlongrush\n>p2 move thornedbouquet\n>p2 switch 5\n>p1 move icespinner\n>p2 move airslash",
	"uploadtime": 1789667923
}