{
	"id": "gen9rpou-11-tlj24k",
	"format": "[Gen 9] RP OU",
	"players": [
		"Bunny Stockfish",
		"TheRealWhimsicott"
	],
	"rating": null,
	"log": "|j|☆Bunny Stockfish\n|j|☆TheRealWhimsicott\n|t:|1789683567\n|gametype|singles\n|badge|p1|bronze|gen9rpou|3-3\n|player|p1|Bunny Stockfish|bunny.png|1332\n|player|p2|TheRealWhimsicott|1|1226\n|gen|9\n|tier|[Gen 9] RP OU\n|rated|\n|rule|HP Percentage Mod: HP is shown in percentages\n|rule|Endless Battle Clause: Forcing endless battles is banned\n|rule|Species Clause: Limit one of each Pokémon\n|rule|OHKO Clause: OHKO moves are banned\n|rule|Evasion Clause: Evasion abilities, items, and moves are banned\n|rule|Evasion Abilities Clause: Evasion abilities are banned\n|rule|Evasion Items Clause: Evasion items are banned\n|rule|Evasion Moves Clause: Evasion moves are banned\n|rule|Sleep Clause Mod: Limit one foe put to sleep\n|clearpoke\n|poke|p1|Moltres|\n|poke|p1|Zamazenta-*|\n|poke|p1|Hatterene|\n|poke|p1|Landorus-Therian|\n|poke|p1|Kingambit|\n|poke|p1|Dragapult|\n|poke|p2|Kingambit|\n|poke|p2|Haxorus|\n|poke|p2|Pawmot|\n|poke|p2|Glaceon|\n|poke|p2|Tapu Koko|\n|poke|p2|Garganacl|\n|teampreview\n|c|☆Bunny Stockfish|Good luck! Playing on **stockfish**.\n|\n|t:|1789683575\n|teamsize|p1|6\n|teamsize|p2|6\n|start\n|switch|p1a: Zamazenta|Zamazenta|100/100\n|switch|p2a: Tapu Koko|Tapu Koko|100/100\n|-fieldstart|move: Electric Terrain|[from] ability: Electric Surge|[of] p2a: Tapu Koko\n|-ability|p1a: Zamazenta|Dauntless Shield|boost\n|-boost|p1a: Zamazenta|def|1\n|turn|1\n|\n|t:|1789683581\n|move|p2a: Tapu Koko|U-turn|p1a: Zamazenta\n|-resisted|p1a: Zamazenta\n|-damage|p1a: Zamazenta|97/100\n|\n|t:|1789683586\n|switch|p2a: Glaceon|Glaceon|100/100|[from] U-turn\n|-weather|Snowscape|[from] ability: Diamond Dust|[of] p2a: Glaceon\n|move|p1a: Zamazenta|Iron Defense|p1a: Zamazenta\n|-boost|p1a: Zamazenta|def|2\n|\n|-weather|Snowscape|[upkeep]\n|upkeep\n|turn|2\n|\n|t:|1789683591\n|-terastallize|p2a: Glaceon|Ice\n|move|p2a: Glaceon|Blizzard|p1a: Zamazenta\n|-damage|p1a: Zamazenta|0 fnt\n|faint|p1a: Zamazenta\n|\n|-weather|Snowscape|[upkeep]\n|upkeep\n|\n|t:|1789683591\n|switch|p1a: Moltres|Moltres|100/100\n|turn|3\n|\n|t:|1789683598\n|-start|p1a: Moltres|Dynamax|\n|-heal|p1a: Moltres|100/100|[silent]\n|move|p2a: Glaceon|Blizzard|p1a: Moltres\n|-damage|p1a: Moltres|41/100\n|-status|p1a: Moltres|frz\n|cant|p1a: Moltres|frz\n|\n|-weather|Snowscape|[upkeep]\n|upkeep\n|turn|4\n|\n|t:|1789683605\n|move|p2a: Glaceon|Blizzard|p1a: Moltres\n|-damage|p1a: Moltres|0 fnt\n|faint|p1a: Moltres\n|\n|-weather|Snowscape|[upkeep]\n|upkeep\n|\n|t:|1789683605\n|switch|p1a: Kingambit|Kingambit|100/100\n|-activate|p1a: Kingambit|ability: Supreme Overlord\n|-start|p1a: Kingambit|fallen2|[silent]\n|-item|p1a: Kingambit|Air Balloon\n|turn|5\n|\n|t:|1789683609\n|move|p2a: Glaceon|Blizzard|p1a: Kingambit\n|-resisted|p1a: Kingambit\n|-damage|p1a: Kingambit|44/100\n|-enditem|p1a: Kingambit|Air Balloon\n|move|p1a: Kingambit|Swords Dance|p1a: Kingambit\n|-boost|p1a: Kingambit|atk|2\n|\n|-weather|none\n|upkeep\n|turn|6\n|\n|t:|1789683612\n|move|p1a: Kingambit|Sucker Punch|p2a: Glaceon\n|-damage|p2a: Glaceon|0 fnt\n|faint|p2a: Glaceon\n|\n|upkeep\n|\n|t:|1789683618\n|switch|p2a: Pawmot|Pawmot|100/100\n|turn|7\n|\n|t:|1789683625\n|-end|p1a: Kingambit|fallen2|[silent]\n|switch|p1a: Landorus|Landorus-Therian|100/100\n|-ability|p1a: Landorus|Intimidate|boost\n|-unboost|p2a: Pawmot|atk|1\n|move|p2a: Pawmot|Close Combat|p1a: Landorus\n|-resisted|p1a: Landorus\n|-damage|p1a: Landorus|72/100\n|-unboost|p2a: Pawmot|def|1\n|-unboost|p2a: Pawmot|spd|1\n|-damage|p2a: Pawmot|84/100|[from] item: Rocky Helmet|[of] p1a: Landorus\n|\n|upkeep\n|turn|8\n|\n|t:|1789683630\n|switch|p2a: Garganacl|Garganacl|100/100\n|move|p1a: Landorus|Earth Power|p2a: Garganacl\n|-supereffective|p2a: Garganacl\n|-damage|p2a: Garganacl|41/100\n|\n|-heal|p2a: Garganacl|47/100|[from] item: Leftovers\n|-fieldend|move: Electric Terrain\n|upkeep\n|turn|9\n|\n|t:|1789683634\n|move|p1a: Landorus|Earth Power|p2a: Garganacl\n|-supereffective|p2a: Garganacl\n|-damage|p2a: Garganacl|0 fnt\n|faint|p2a: Garganacl\n|\n|upkeep\n|\n|t:|1789683661\n|switch|p2a: Pawmot|Pawmot|84/100\n|turn|10\n|\n|t:|1789683664\n|move|p2a: Pawmot|Revival Blessing|p2a: Pawmot\n|\n|t:|1789683666\n|-heal|p2: Glaceon|50/100|[from] move: Revival Blessing\n|move|p1a: Landorus|Earth Power|p2a: Pawmot\n|-supereffective|p2a: Pawmot\n|-damage|p2a: Pawmot|0 fnt\n|faint|p2a: Pawmot\n|\n|upkeep\n|\n|t:|1789683669\n|switch|p2a: Glaceon|Glaceon|50/100\n|-weather|Snowscape|[from] ability: Diamond Dust|[of] p2a: Glaceon\n|turn|11\n|\n|t:|1789683671\n|-terastallize|p1a: Landorus|Ghost\n|move|p2a: Glaceon|Blizzard|p1a: Landorus\n|-damage|p1a: Landorus|0 fnt\n|faint|p1a: Landorus\n|\n|-weather|Snowscape|[upkeep]\n|upkeep\n|\n|t:|1789683671\n|switch|p1a: Hatterene|Hatterene|100/100\n|turn|12\n|\n|t:|1789683675\n|move|p2a: Glaceon|Blizzard|p1a: Hatterene\n|-damage|p1a: Hatterene|4/100\n|move|p1a: Hatterene|Dazzling Gleam|p2a: Glaceon\n|-damage|p2a: Glaceon|0 fnt\n|faint|p2a: Glaceon\n|\n|-weather|Snowscape|[upkeep]\n|upkeep\n|\n|t:|1789683682\n|switch|p2a: Haxorus|Haxorus|100/100\n|-ability|p2a: Haxorus|Mold Breaker\n|turn|13\n|\n|t:|1789683684\n|move|p2a: Haxorus|Iron Head|p1a: Hatterene\n|-supereffective|p1a: Hatterene\n|-damage|p1a: Hatterene|0 fnt\n|faint|p1a: Hatterene\n|\n|-weather|Snowscape|[upkeep]\n|upkeep\n|\n|t:|1789683684\n|switch|p1a: Dragapult|Dragapult|100/100\n|turn|14\n|\n|t:|1789683686\n|move|p1a: Dragapult|Draco Meteor|p2a: Haxorus\n|-supereffective|p2a: Haxorus\n|-damage|p2a: Haxorus|0 fnt\n|-unboost|p1a: Dragapult|spa|2\n|faint|p2a: Haxorus\n|-damage|p1a: Dragapult|91/100|[from] item: Life Orb\n|\n|-weather|Snowscape|[upkeep]\n|upkeep\n|\n|t:|1789683690\n|switch|p2a: Kingambit|Kingambit|100/100\n|turn|15\n|\n|t:|1789683692\n|switch|p1a: Kingambit|Kingambit|44/100\n|-activate|p1a: Kingambit|ability: Supreme Overlord\n|-start|p1a: Kingambit|fallen4|[silent]\n|move|p2a: Kingambit|Swords Dance|p2a: Kingambit\n|-boost|p2a: Kingambit|atk|2\n|\n|-weather|none\n|upkeep\n|turn|16\n|\n|t:|1789683718\n|-start|p2a: Kingambit|Dynamax|\n|-heal|p2a: Kingambit|100/100|[silent]\n|move|p1a: Kingambit|Kowtow Cleave|p2a: Kingambit\n|-resisted|p2a: Kingambit\n|-damage|p2a: Kingambit|88/100\n|move|p2a: Kingambit|Max Darkness|p1a: Kingambit\n|-resisted|p1a: Kingambit\n|-crit|p1a: Kingambit\n|-damage|p1a: Kingambit|0 fnt\n|faint|p1a: Kingambit\n|-end|p1a: Kingambit|fallen4|[silent]\n|\n|upkeep\n|\n|t:|1789683718\n|switch|p1a: Dragapult|Dragapult|91/100\n|turn|17\n|\n|t:|1789683725\n|move|p1a: Dragapult|Fire Blast|p2a: Kingambit\n|-supereffective|p2a: Kingambit\n|-damage|p2a: Kingambit|51/100\n|-status|p2a: Kingambit|brn\n|-damage|p1a: Dragapult|81/100|[from] item: Life Orb\n|move|p2a: Kingambit|Max Darkness|p1a: Dragapult\n|-supereffective|p1a: Dragapult\n|-damage|p1a: Dragapult|0 fnt\n|faint|p1a: Dragapult\n|\n|win|TheRealWhimsicott\n",
	"inputlog": ">start {\"formatid\":\"gen9rpou\",\"seed\":\"sodium,0c151a534e647b325bb169daa3dc616e\",\"rated\":\"Rated battle\"}\n>player p1 {\"name\":\"Bunny Stockfish\",\"avatar\":\"bunny.png\",\"team\":\"Moltres||HeavyDutyBoots|FlameBody|Flamethrower,Roost,Uturn,WillOWisp|Bold|248,,248,,,12|N||||,,,,,Grass]Zamazenta||ChestoBerry|DauntlessShield|IronDefense,BodyPress,Crunch,Rest|Jolly|252,,88,,,168|N||||,,,,,Fire]Hatterene||FocusSash|MagicBounce|TrickRoom,PsychicNoise,DazzlingGleam,HealingWish|Quiet|252,,4,252,,|N|,0,,,,0|||,,,,,Steel]Landorus|LandorusTherian|RockyHelmet|Intimidate|StealthRock,EarthPower,Uturn,Taunt|Timid|252,,4,,,252|N||||,,,,,Ghost]Kingambit||AirBalloon|SupremeOverlord|SwordsDance,SuckerPunch,KowtowCleave,CarrionFeast|Adamant|252,252,,,4,|N||||,,,,,Fire]Dragapult||LifeOrb|Infiltrator|DragonDarts,DracoMeteor,ShadowBall,FireBlast|Naive|,4,,252,,252|N||||,,,,,Dragon\",\"rating\":1332}\n>player p2 {\"name\":\"TheRealWhimsicott\",\"avatar\":\"1\",\"team\":\"Kingambit||BlackGlasses|Defiant|KnockOff,Pursuit,SuckerPunch,SwordsDance|Adamant|252,252,,,4,|N||||,,,,,Dark]Haxorus||LoadedDice|MoldBreaker|HoneClaws,ScaleShot,Earthquake,IronHead|Jolly|4,252,,,,252|N||||,,,,,Steel]Pawmot||ChoiceBand|IronFist|RevivalBlessing,SparkScamper,CloseCombat,DoubleShock|Jolly|4,252,,,,252|N||||,,,,,Electric]Glaceon||ChoiceSpecs|DiamondDust|EarthPower,FreezeDry,FocusBlast,Blizzard|Modest|,,,252,4,252|N|,0,,,,|||,,,,,Ice]Tapu Koko||TerrainExtender|ElectricSurge|Uturn,Roost,Thunderbolt,DazzlingGleam|Timid|4,,,252,,252|N||||,,,,,Electric]Garganacl||Leftovers|PurifyingSalt|StealthRock,SaltCure,Protect,Recover|Impish|252,4,252,,,|N||||,,,,,Ghost\",\"rating\":1226}\n>chat ☆Bunny Stockfish|Good luck! Playing on **stockfish**.\n>p1 team 2, 6, 4, 1, 5, 3\n>p2 team 5, 2, 3, 4, 1, 6\n>p1 move irondefense\n>p2 move uturn\n>p2 switch 4\n>p1 move bodypress\n>p2 move blizzard terastallize\n>p1 switch 4\n>p1 move flamethrower dynamax\n>p2 move blizzard\n>p1 move flamethrower dynamax\n>p2 move blizzard\n>p1 switch 5\n>p1 move swordsdance\n>p2 move blizzard\n>p1 move suckerpunch\n>p2 move blizzard\n>p2 switch 3\n>p1 switch 3\n>p2 move closecombat\n>p1 move earthpower\n>p2 switch 6\n>p1 move earthpower\n>p2 move stealthrock\n>p2 switch 6\n>p1 move earthpower\n>p2 move revivalblessing\n>p2 switch 3\n>p2 switch 3\n>p1 move earthpower terastallize\n>p2 move blizzard\n>p1 switch 6\n>p1 move dazzlinggleam\n>p2 move blizzard\n>p2 switch 2\n>p1 move dazzlinggleam\n>p2 move ironhead\n>p1 switch 2\n>p1 move dracometeor\n>p2 move scaleshot\n>p2 switch 5\n>p1 switch 3\n>p2 move swordsdance\n>p1 move kowtowcleave\n>p2 move knockoff dynamax\n>p1 switch 3\n>p1 move fireblast\n>p2 move suckerpunch dynamax",
	"uploadtime": 1789683725
}