{
	"id": "gen9rpou-3-tlvwbi",
	"format": "[Gen 9] RP OU",
	"players": [
		"Bunny Stockfish",
		"SlimeQueenSamantha"
	],
	"rating": null,
	"log": "|j|☆Bunny Stockfish\n|j|☆SlimeQueenSamantha\n|t:|1790279648\n|gametype|singles\n|badge|p1|bronze|gen9rpou|3-3\n|badge|p2|silver|gen9rpou|2-2\n|player|p1|Bunny Stockfish|bunny.png|1359\n|player|p2|SlimeQueenSamantha|queen.png|1435\n|gen|9\n|tier|[Gen 9] RP OU\n|rated|\n|rule|HP Percentage Mod: HP is shown in percentages\n|rule|Endless Battle Clause: Forcing endless battles is banned\n|rule|Species Clause: Limit one of each Pokémon\n|rule|OHKO Clause: OHKO moves are banned\n|rule|Evasion Clause: Evasion abilities, items, and moves are banned\n|rule|Evasion Abilities Clause: Evasion abilities are banned\n|rule|Evasion Items Clause: Evasion items are banned\n|rule|Evasion Moves Clause: Evasion moves are banned\n|rule|Sleep Clause Mod: Limit one foe put to sleep\n|clearpoke\n|poke|p1|Dragonite|\n|poke|p1|Ting-Lu|\n|poke|p1|Heatran|\n|poke|p1|Corviknight|\n|poke|p1|Magearna|\n|poke|p1|Kingambit|\n|poke|p2|Banette, F|\n|poke|p2|Ursaluna-Bloodmoon, M|\n|poke|p2|Magearna|\n|poke|p2|Hatterene, F|\n|poke|p2|Kingambit|\n|poke|p2|Stakataka|\n|teampreview\n|c|☆Bunny Stockfish|Good luck! Playing on **stockfish**.\n|\n|t:|1790279650\n|teamsize|p1|6\n|teamsize|p2|6\n|start\n|switch|p1a: Heatran|Heatran|100/100\n|switch|p2a: Banette|Banette, F, shiny|100/100\n|-item|p1a: Heatran|Air Balloon\n|-item|p1a: Heatran|Air Balloon|[from] ability: Frisk|[of] p2a: Banette\n|turn|1\n|\n|t:|1790279654\n|switch|p1a: Kingambit|Kingambit|100/100\n|detailschange|p2a: Banette|Banette-Mega-Halloween, F, shiny\n|-mega|p2a: Banette|Banette|Banettite-Halloween\n|-ability|p2a: Banette|Witching Hour\n|-message|The Witching Hour has struck! Banette's tricks can't be stopped, not even by Dark types!\n|-message|Banette's Poltergeist became Witch's Snatch!\n|move|p2a: Banette|Witch's Snatch|p1a: Kingambit\n|-resisted|p1a: Kingambit\n|-damage|p1a: Kingambit|32/100\n|-enditem|p1a: Kingambit|Black Glasses|[from] move: Witch's Snatch|[of] p2a: Banette\n|-start|p1a: Kingambit|typeadd|Ghost|[from] move: Witch's Snatch\n|\n|upkeep\n|turn|2\n|\n|t:|1790279664\n|-start|p1a: Kingambit|Dynamax|\n|-heal|p1a: Kingambit|32/100|[silent]\n|move|p2a: Banette|Shadow Sneak|p1a: Kingambit\n|-damage|p1a: Kingambit|15/100\n|move|p1a: Kingambit|Max Darkness|p2a: Banette\n|-damage|p2a: Banette|0 fnt\n|faint|p2a: Banette\n|detailschange|p2: Banette|Banette, F, shiny|[silent]\n|\n|upkeep\n|\n|t:|1790279672\n|switch|p2a: Magearna|Magearna|100/100\n|turn|3\n|\n|t:|1790279673\n|-end|p1a: Kingambit|Dynamax\n|-heal|p1a: Kingambit|15/100|[silent]\n|-end|p1a: Kingambit|fallenundefined|[silent]\n|switch|p1a: Heatran|Heatran|100/100\n|-item|p1a: Heatran|Air Balloon\n|move|p2a: Magearna|Trick Room|p2a: Magearna\n|-fieldstart|move: Trick Room|[of] p2a: Magearna\n|\n|upkeep\n|turn|4\n|\n|t:|1790279675\n|move|p2a: Magearna|Volt Switch|p1a: Heatran\n|-damage|p1a: Heatran|76/100\n|-enditem|p1a: Heatran|Air Balloon\n|\n|t:|1790279678\n|switch|p2a: Ursaluna|Ursaluna-Bloodmoon, M|100/100|[from] Volt Switch\n|move|p1a: Heatran|Magma Storm|p2a: Ursaluna\n|-damage|p2a: Ursaluna|42/100\n|-activate|p2a: Ursaluna|move: Magma Storm|[of] p1a: Heatran\n|\n|-heal|p2a: Ursaluna|48/100|[from] item: Leftovers\n|-damage|p2a: Ursaluna|36/100|[from] move: Magma Storm|[partiallytrapped]\n|upkeep\n|turn|5\n|\n|t:|1790279680\n|move|p2a: Ursaluna|Earth Power|p1a: Heatran\n|-supereffective|p1a: Heatran\n|-damage|p1a: Heatran|0 fnt\n|faint|p1a: Heatran\n|\n|-heal|p2a: Ursaluna|42/100|[from] item: Leftovers\n|-end|p2a: Ursaluna|Magma Storm|[partiallytrapped]|[silent]\n|upkeep\n|\n|t:|1790279680\n|switch|p1a: Magearna|Magearna|100/100\n|turn|6\n|\n|t:|1790279683\n|-terastallize|p1a: Magearna|Ground\n|move|p2a: Ursaluna|Earth Power|p1a: Magearna\n|-damage|p1a: Magearna|43/100\n|move|p1a: Magearna|Ice Beam|p2a: Ursaluna\n|-supereffective|p2a: Ursaluna\n|-damage|p2a: Ursaluna|0 fnt\n|faint|p2a: Ursaluna\n|-ability|p1a: Magearna|Soul-Heart|boost\n|-boost|p1a: Magearna|spa|1\n|-damage|p1a: Magearna|33/100|[from] item: Life Orb\n|\n|upkeep\n|\n|t:|1790279687\n|switch|p2a: Stakataka|Stakataka|100/100\n|turn|7\n|\n|t:|1790279689\n|move|p2a: Stakataka|Gyro Ball|p1a: Magearna\n|-damage|p1a: Magearna|0 fnt\n|faint|p1a: Magearna\n|-ability|p2a: Stakataka|Beast Boost|boost\n|-boost|p2a: Stakataka|atk|1\n|-damage|p2a: Stakataka|91/100|[from] item: Life Orb\n|\n|-fieldend|move: Trick Room\n|upkeep\n|\n|t:|1790279689\n|switch|p1a: Ting-Lu|Ting-Lu|100/100\n|-ability|p1a: Ting-Lu|Vessel of Ruin\n|turn|8\n|\n|t:|1790279697\n|switch|p2a: Hatterene|Hatterene, F|100/100\n|move|p1a: Ting-Lu|Earthquake|p2a: Hatterene\n|-damage|p2a: Hatterene|56/100\n|\n|upkeep\n|turn|9\n|\n|t:|1790279699\n|move|p1a: Ting-Lu|Earthquake|p2a: Hatterene\n|-damage|p2a: Hatterene|13/100\n|move|p2a: Hatterene|Dazzling Gleam|p1a: Ting-Lu\n|-supereffective|p1a: Ting-Lu\n|-damage|p1a: Ting-Lu|63/100\n|\n|upkeep\n|turn|10\n|\n|t:|1790279702\n|move|p1a: Ting-Lu|Earthquake|p2a: Hatterene\n|-crit|p2a: Hatterene\n|-damage|p2a: Hatterene|0 fnt\n|faint|p2a: Hatterene\n|\n|upkeep\n|\n|t:|1790279705\n|switch|p2a: Magearna|Magearna|100/100\n|turn|11\n|\n|t:|1790279707\n|move|p1a: Ting-Lu|Earthquake|p2a: Magearna\n|-supereffective|p2a: Magearna\n|-damage|p2a: Magearna|39/100\n|move|p2a: Magearna|Trick Room|p2a: Magearna\n|-fieldstart|move: Trick Room|[of] p2a: Magearna\n|\n|-heal|p2a: Magearna|45/100|[from] item: Leftovers\n|upkeep\n|turn|12\n|\n|t:|1790279709\n|move|p1a: Ting-Lu|Earthquake|p2a: Magearna\n|-supereffective|p2a: Magearna\n|-damage|p2a: Magearna|0 fnt\n|faint|p2a: Magearna\n|\n|upkeep\n|\n|t:|1790279711\n|switch|p2a: Stakataka|Stakataka|91/100\n|turn|13\n|\n|t:|1790279713\n|move|p2a: Stakataka|Gyro Ball|p1a: Ting-Lu\n|-crit|p1a: Ting-Lu\n|-damage|p1a: Ting-Lu|4/100\n|-damage|p2a: Stakataka|74/100|[from] item: Rocky Helmet|[of] p1a: Ting-Lu\n|-damage|p2a: Stakataka|64/100|[from] item: Life Orb\n|move|p1a: Ting-Lu|Earthquake|p2a: Stakataka\n|-supereffective|p2a: Stakataka\n|-damage|p2a: Stakataka|0 fnt\n|faint|p2a: Stakataka\n|\n|upkeep\n|\n|t:|1790279715\n|switch|p2a: Kingambit|Kingambit|100/100\n|-activate|p2a: Kingambit|ability: Supreme Overlord\n|-start|p2a: Kingambit|fallen5|[silent]\n|turn|14\n|\n|t:|1790279720\n|switch|p1a: Dragonite|Dragonite|100/100\n|-terastallize|p2a: Kingambit|Dark\n|move|p2a: Kingambit|Swords Dance|p2a: Kingambit\n|-boost|p2a: Kingambit|atk|2\n|\n|upkeep\n|turn|15\n|\n|t:|1790279722\n|move|p2a: Kingambit|Swords Dance|p2a: Kingambit\n|-boost|p2a: Kingambit|atk|2\n|move|p1a: Dragonite|Outrage|p2a: Kingambit\n|-damage|p2a: Kingambit|46/100\n|\n|-heal|p2a: Kingambit|52/100|[from] item: Leftovers\n|-fieldend|move: Trick Room\n|upkeep\n|turn|16\n|\n|t:|1790279723\n|move|p1a: Dragonite|Outrage|p2a: Kingambit|[from] lockedmove\n|-damage|p2a: Kingambit|0 fnt\n|faint|p2a: Kingambit\n|-end|p2a: Kingambit|fallen5|[silent]\n|\n|win|Bunny Stockfish\n",
	"inputlog": ">start {\"formatid\":\"gen9rpou\",\"seed\":\"sodium,cbdbe661e4e232b9a0c62e3b4fc42415\",\"rated\":\"Rated battle\"}\n>player p1 {\"name\":\"Bunny Stockfish\",\"avatar\":\"bunny.png\",\"team\":\"Dragonite||HeavyDutyBoots|Multiscale|DragonDance,Outrage,Earthquake,IceSpinner|Adamant|,252,4,,,252|N||||,,,,,Ground]Ting-Lu||RockyHelmet|VesselofRuin|Spikes,Earthquake,StealthRock,Whirlwind|Careful|252,,4,,252,|N||||,,,,,Poison]Heatran||AirBalloon|FlashFire|MagmaStorm,EarthPower,Taunt,WillOWisp|Timid|,,,252,4,252|N|,0,,,,|||,,,,,Grass]Corviknight||Leftovers|MirrorArmor|BodyPress,Defog,IronDefense,Roost|Impish|248,,252,,8,|N|,0,,,,|||,,,,,Dragon]Magearna||LifeOrb|SoulHeart|MistyExplosion,FlashCannon,IceBeam,Psychic|Modest|,,,252,4,252|N|,0,,,,|||,,,,,Ground]Kingambit||BlackGlasses|SupremeOverlord|SwordsDance,SuckerPunch,CarrionFeast,IronHead|Adamant|,252,4,,,252|N||||,,,,,Fighting\",\"rating\":1359}\n>player p2 {\"name\":\"SlimeQueenSamantha\",\"avatar\":\"queen.png\",\"team\":\"Banette||BanettiteHalloween|Frisk|Poltergeist,ShadowSneak,DestinyBond,twilightexit|Adamant|4,252,,,,252|F||S||,,,,,Ghost]Ursaluna|UrsalunaBloodmoon|Leftovers|MindsEye|CalmMind,BloodMoon,HyperVoice,EarthPower|Modest|252,,4,252,,|M||||,,,,,Normal]Magearna||Leftovers|SoulHeart|TrickRoom,VoltSwitch,FleurCannon,FlashCannon|Quiet|252,,,252,4,|N|,0,,,,|||,,,,,Steel]Hatterene||FocusSash|MagicBounce|TrickRoom,PsychicNoise,DazzlingGleam,HealingWish|Quiet|252,,4,252,,|F|,0,,,,0|||,,,,,Water]Kingambit||Leftovers|SupremeOverlord|KnockOff,SuckerPunch,IronHead,SwordsDance|Adamant|252,252,,,4,|N||||,,,,,Dark]Stakataka||LifeOrb|BeastBoost|TrickRoom,GyroBall,StoneEdge,Earthquake|Lonely|252,252,,,4,|N|,,15,,,0|||,,,,,Rock\",\"rating\":1435}\n>chat ☆Bunny Stockfish|Good luck! Playing on **stockfish**.\n>p1 team 3, 1, 5, 6, 4, 2\n>p2 team 1, 2, 3, 4, 5, 6\n>p1 switch 4\n>p2 move poltergeist mega\n>p1 move suckerpunch dynamax\n>p2 move shadowsneak\n>p2 switch 3\n>p1 switch 4\n>p2 move trickroom\n>p1 move magmastorm\n>p2 move voltswitch\n>p2 switch 2\n>p1 move magmastorm\n>p2 move earthpower\n>p1 switch 3\n>p1 move icebeam terastallize\n>p2 move earthpower\n>p2 switch 6\n>p1 move flashcannon\n>p2 move gyroball\n>p1 switch 6\n>p1 move earthquake\n>p2 switch 4\n>p1 move earthquake\n>p2 move dazzlinggleam\n>p1 move earthquake\n>p2 move dazzlinggleam\n>p2 switch 2\n>p1 move earthquake\n>p2 move trickroom\n>p1 move earthquake\n>p2 move fleurcannon\n>p2 switch 4\n>p1 move earthquake\n>p2 move gyroball\n>p2 switch 5\n>p1 switch 2\n>p2 move swordsdance terastallize\n>p1 move outrage\n>p2 move swordsdance\n>p1 move outrage\n>p2 move knockoff",
	"uploadtime": 1790279723
}