{
	"id": "gen9rpou-1-tm8rrz",
	"format": "[Gen 9] RP OU",
	"players": [
		"Bunny Stockfish",
		"SlimeQueenSamantha"
	],
	"rating": null,
	"log": "|j|☆Bunny Stockfish\n|j|☆SlimeQueenSamantha\n|t:|1790880322\n|gametype|singles\n|badge|p1|bronze|gen9rpou|3-3\n|badge|p2|silver|gen9rpou|2-2\n|player|p1|Bunny Stockfish|bunny.png|1382\n|player|p2|SlimeQueenSamantha|queen.png|1492\n|gen|9\n|tier|[Gen 9] RP OU\n|rated|\n|rule|HP Percentage Mod: HP is shown in percentages\n|rule|Endless Battle Clause: Forcing endless battles is banned\n|rule|Species Clause: Limit one of each Pokémon\n|rule|OHKO Clause: OHKO moves are banned\n|rule|Evasion Clause: Evasion abilities, items, and moves are banned\n|rule|Evasion Abilities Clause: Evasion abilities are banned\n|rule|Evasion Items Clause: Evasion items are banned\n|rule|Evasion Moves Clause: Evasion moves are banned\n|rule|Sleep Clause Mod: Limit one foe put to sleep\n|clearpoke\n|poke|p1|Lucario|\n|poke|p1|Hatterene|\n|poke|p1|Ceruledge|\n|poke|p1|Dragonite|\n|poke|p1|Kingambit|\n|poke|p1|Swampert|\n|poke|p2|Lugia|\n|poke|p2|Blissey|\n|poke|p2|Registeel|\n|poke|p2|Umbreon|\n|poke|p2|Spiritomb|\n|poke|p2|Clodsire|\n|teampreview\n|c|☆Bunny Stockfish|Good luck! Playing on **stockfish**.\n|\n|t:|1790880352\n|teamsize|p1|6\n|teamsize|p2|6\n|start\n|switch|p1a: Swampert|Swampert|100/100\n|switch|p2a: Umbreon|Umbreon|100/100\n|turn|1\n|\n|t:|1790880355\n|move|p2a: Umbreon|Knock Off|p1a: Swampert\n|-damage|p1a: Swampert|80/100\n|-enditem|p1a: Swampert|Expert Belt|[from] move: Knock Off|[of] p2a: Umbreon\n|move|p1a: Swampert|Stealth Rock|p2a: Umbreon\n|-sidestart|p2: SlimeQueenSamantha|move: Stealth Rock\n|\n|upkeep\n|turn|2\n|\n|t:|1790880360\n|move|p2a: Umbreon|Toxic|p1a: Swampert\n|-status|p1a: Swampert|tox\n|move|p1a: Swampert|Earthquake|p2a: Umbreon\n|-damage|p2a: Umbreon|72/100\n|\n|-heal|p2a: Umbreon|78/100|[from] item: Leftovers\n|-damage|p1a: Swampert|74/100 tox|[from] psn\n|upkeep\n|turn|3\n|\n|t:|1790880365\n|move|p2a: Umbreon|Recover|p2a: Umbreon\n|-heal|p2a: Umbreon|100/100\n|move|p1a: Swampert|Earthquake|p2a: Umbreon\n|-damage|p2a: Umbreon|71/100\n|\n|-heal|p2a: Umbreon|77/100|[from] item: Leftovers\n|-damage|p1a: Swampert|61/100 tox|[from] psn\n|upkeep\n|turn|4\n|\n|t:|1790880369\n|move|p1a: Swampert|Earthquake|p2a: Umbreon\n|-damage|p2a: Umbreon|45/100\n|move|p2a: Umbreon|Teleport|p2a: Umbreon\n|\n|t:|1790880374\n|switch|p2a: Lugia|Lugia|100/100|[from] Teleport\n|\n|-damage|p1a: Swampert|43/100 tox|[from] psn\n|upkeep\n|turn|5\n|\n|t:|1790880380\n|switch|p1a: Lucario|Lucario|100/100\n|move|p2a: Lugia|Air Slash|p1a: Lucario\n|-damage|p1a: Lucario|65/100\n|\n|upkeep\n|turn|6\n|\n|t:|1790880384\n|detailschange|p1a: Lucario|Lucario-Mega\n|-mega|p1a: Lucario|Lucario|Lucarionite\n|move|p1a: Lucario|Nasty Plot|p1a: Lucario\n|-boost|p1a: Lucario|spa|2\n|move|p2a: Lugia|Earth Power|p1a: Lucario\n|-supereffective|p1a: Lucario\n|-damage|p1a: Lucario|3/100\n|\n|upkeep\n|turn|7\n|\n|t:|1790880393\n|-start|p2a: Lugia|Dynamax|\n|-heal|p2a: Lugia|100/100|[silent]\n|move|p1a: Lucario|Flash Cannon|p2a: Lugia\n|-damage|p2a: Lugia|83/100\n|-unboost|p2a: Lugia|spd|1\n|move|p2a: Lugia|Max Quake|p1a: Lucario\n|-supereffective|p1a: Lucario\n|-damage|p1a: Lucario|0 fnt\n|-boost|p2a: Lugia|spd|1\n|faint|p1a: Lucario\n|detailschange|p1: Lucario|Lucario|[silent]\n|\n|upkeep\n|\n|t:|1790880394\n|switch|p1a: Kingambit|Kingambit|100/100\n|-activate|p1a: Kingambit|ability: Supreme Overlord\n|-start|p1a: Kingambit|fallen1|[silent]\n|turn|8\n|\n|t:|1790880402\n|-start|p1a: Kingambit|Dynamax|\n|-heal|p1a: Kingambit|100/100|[silent]\n|move|p2a: Lugia|Max Quake|p1a: Kingambit\n|-supereffective|p1a: Kingambit\n|-damage|p1a: Kingambit|75/100\n|-boost|p2a: Lugia|spd|1\n|move|p1a: Kingambit|Max Darkness|p2a: Lugia\n|-supereffective|p2a: Lugia\n|-damage|p2a: Lugia|29/100\n|-unboost|p2a: Lugia|spd|1\n|\n|upkeep\n|turn|9\n|\n|t:|1790880413\n|move|p2a: Lugia|Max Guard|p2a: Lugia\n|-singleturn|p2a: Lugia|Max Guard\n|move|p1a: Kingambit|Max Darkness|p2a: Lugia\n|-activate|p2a: Lugia|move: Max Guard\n|\n|upkeep\n|-end|p2a: Lugia|Dynamax\n|-heal|p2a: Lugia|29/100|[silent]\n|turn|10\n|\n|t:|1790880419\n|switch|p2a: Registeel|Registeel|100/100\n|-damage|p2a: Registeel|94/100|[from] Stealth Rock\n|move|p1a: Kingambit|Max Darkness|p2a: Registeel\n|-damage|p2a: Registeel|43/100\n|-unboost|p2a: Registeel|spd|1\n|\n|-heal|p2a: Registeel|49/100|[from] item: Leftovers\n|upkeep\n|-end|p1a: Kingambit|Dynamax\n|-heal|p1a: Kingambit|75/100|[silent]\n|turn|11\n|\n|t:|1790880427\n|move|p2a: Registeel|Iron Defense|p2a: Registeel\n|-boost|p2a: Registeel|def|2\n|move|p1a: Kingambit|Low Kick|p2a: Registeel\n|-supereffective|p2a: Registeel\n|-damage|p2a: Registeel|14/100\n|\n|-heal|p2a: Registeel|20/100|[from] item: Leftovers\n|upkeep\n|turn|12\n|\n|t:|1790880432\n|-terastallize|p2a: Registeel|Fairy\n|move|p2a: Registeel|Slack Off|p2a: Registeel\n|-heal|p2a: Registeel|70/100\n|move|p1a: Kingambit|Low Kick|p2a: Registeel\n|-resisted|p2a: Registeel\n|-damage|p2a: Registeel|62/100\n|\n|-heal|p2a: Registeel|68/100|[from] item: Leftovers\n|upkeep\n|turn|13\n|\n|t:|1790880438\n|-end|p1a: Kingambit|fallen1|[silent]\n|switch|p1a: Dragonite|Dragonite|100/100\n|move|p2a: Registeel|Amnesia|p2a: Registeel\n|-boost|p2a: Registeel|spd|2\n|\n|-heal|p2a: Registeel|74/100|[from] item: Leftovers\n|upkeep\n|turn|14\n|\n|t:|1790880441\n|move|p1a: Dragonite|Earthquake|p2a: Registeel\n|-damage|p2a: Registeel|61/100\n|move|p2a: Registeel|Iron Defense|p2a: Registeel\n|-boost|p2a: Registeel|def|2\n|\n|-heal|p2a: Registeel|68/100|[from] item: Leftovers\n|upkeep\n|turn|15\n|\n|t:|1790880443\n|move|p1a: Dragonite|Earthquake|p2a: Registeel\n|-damage|p2a: Registeel|58/100\n|move|p2a: Registeel|Iron Defense|p2a: Registeel\n|-boost|p2a: Registeel|def|2\n|\n|-heal|p2a: Registeel|65/100|[from] item: Leftovers\n|upkeep\n|turn|16\n|\n|t:|1790880445\n|move|p1a: Dragonite|Earthquake|p2a: Registeel\n|-damage|p2a: Registeel|58/100\n|move|p2a: Registeel|Amnesia|p2a: Registeel\n|-boost|p2a: Registeel|spd|2\n|\n|-heal|p2a: Registeel|64/100|[from] item: Leftovers\n|upkeep\n|turn|17\n|\n|t:|1790880448\n|move|p1a: Dragonite|Earthquake|p2a: Registeel\n|-damage|p2a: Registeel|57/100\n|move|p2a: Registeel|Amnesia|p2a: Registeel\n|-boost|p2a: Registeel|spd|2\n|\n|-heal|p2a: Registeel|63/100|[from] item: Leftovers\n|upkeep\n|turn|18\n|\n|t:|1790880450\n|move|p1a: Dragonite|Earthquake|p2a: Registeel\n|-damage|p2a: Registeel|56/100\n|move|p2a: Registeel|Amnesia|p2a: Registeel\n|-boost|p2a: Registeel|spd|1\n|\n|-heal|p2a: Registeel|62/100|[from] item: Leftovers\n|upkeep\n|turn|19\n|\n|t:|1790880451\n|move|p1a: Dragonite|Earthquake|p2a: Registeel\n|-damage|p2a: Registeel|56/100\n|move|p2a: Registeel|Slack Off|p2a: Registeel\n|-heal|p2a: Registeel|100/100\n|\n|upkeep\n|turn|20\n|\n|t:|1790880455\n|move|p1a: Dragonite|Earthquake|p2a: Registeel\n|-damage|p2a: Registeel|93/100\n|move|p2a: Registeel|Velvet Press|p1a: Dragonite\n|-supereffective|p1a: Dragonite\n|-damage|p1a: Dragonite|0 fnt\n|faint|p1a: Dragonite\n|\n|-heal|p2a: Registeel|99/100|[from] item: Leftovers\n|upkeep\n|\n|t:|1790880455\n|switch|p1a: Ceruledge|Ceruledge|100/100\n|turn|21\n|\n|t:|1790880464\n|move|p1a: Ceruledge|Swords Dance|p1a: Ceruledge\n|-boost|p1a: Ceruledge|atk|2\n|move|p2a: Registeel|Velvet Press|p1a: Ceruledge\n|-resisted|p1a: Ceruledge\n|-crit|p1a: Ceruledge\n|-damage|p1a: Ceruledge|0 fnt\n|faint|p1a: Ceruledge\n|\n|-heal|p2a: Registeel|100/100|[from] item: Leftovers\n|upkeep\n|\n|t:|1790880465\n|switch|p1a: Hatterene|Hatterene|100/100\n|turn|22\n|\n|t:|1790880467\n|move|p2a: Registeel|Velvet Press|p1a: Hatterene\n|-enditem|p1a: Hatterene|Focus Sash\n|-damage|p1a: Hatterene|1/100\n|move|p1a: Hatterene|Velvet Press|p2a: Registeel\n|-damage|p2a: Registeel|96/100\n|\n|-heal|p2a: Registeel|100/100|[from] item: Leftovers\n|upkeep\n|turn|23\n|\n|t:|1790880469\n|move|p2a: Registeel|Velvet Press|p1a: Hatterene\n|-damage|p1a: Hatterene|0 fnt\n|faint|p1a: Hatterene\n|\n|upkeep\n|\n|t:|1790880469\n|switch|p1a: Kingambit|Kingambit|75/100\n|-activate|p1a: Kingambit|ability: Supreme Overlord\n|-start|p1a: Kingambit|fallen4|[silent]\n|turn|24\n|\n|t:|1790880471\n|move|p2a: Registeel|Velvet Press|p1a: Kingambit\n|-damage|p1a: Kingambit|0 fnt\n|faint|p1a: Kingambit\n|-end|p1a: Kingambit|fallen4|[silent]\n|\n|upkeep\n|\n|t:|1790880471\n|switch|p1a: Swampert|Swampert|43/100 tox\n|turn|25\n|\n|t:|1790880473\n|move|p1a: Swampert|Earthquake|p2a: Registeel\n|-damage|p2a: Registeel|94/100\n|move|p2a: Registeel|Velvet Press|p1a: Swampert\n|-damage|p1a: Swampert|0 fnt\n|faint|p1a: Swampert\n|\n|win|SlimeQueenSamantha\n",
	"inputlog": ">start {\"formatid\":\"gen9rpou\",\"seed\":\"sodium,93b85337880e6163cd865420506480a3\",\"rated\":\"Rated battle\"}\n>player p1 {\"name\":\"Bunny Stockfish\",\"avatar\":\"bunny.png\",\"team\":\"Lucario||Lucarionite|InnerFocus|AuraSphere,NastyPlot,VacuumWave,FlashCannon|Timid|,,,252,4,252|N|,0,,,,|||,,,,,Fighting]Hatterene||FocusSash|MagicBounce|VelvetPress,PsychicNoise,DazzlingGleam,HealingWish|Quiet|252,,4,252,,|N|,0,,,,0|||,,,,,Steel]Ceruledge||HeavyDutyBoots|WeakArmor|SwordsDance,BitterBlade,ShadowSneak,CloseCombat|Jolly|,252,,,4,252|N||||,,,,,Fairy]Dragonite||HeavyDutyBoots|Multiscale|DragonTail,ExtremeSpeed,Earthquake,Roost|Adamant|252,240,,,,16|N||||,,,,,Normal]Kingambit||LumBerry|SupremeOverlord|SwordsDance,SuckerPunch,KowtowCleave,LowKick|Adamant|252,252,,,4,|N||||,,,,,Flying]Swampert||ExpertBelt|Torrent|KnockOff,WaveCharge,Earthquake,StealthRock|Hardy|252,4,,,252,|N||||,,,,,Ghost\",\"rating\":1382}\n>player p2 {\"name\":\"SlimeQueenSamantha\",\"avatar\":\"queen.png\",\"team\":\"Lugia||HeavyDutyBoots|Multiscale|CalmMind,AirSlash,EarthPower,Recover|Timid|248,,8,,,252|N|,0,,,,|||,,,,,Ground]Blissey||HeavyDutyBoots|Caretaker|SoftBoiled,StealthRock,Toxic,SeismicToss|Bold|252,,252,,4,|N|,0,,,,|S||,,,,,Water]Registeel||Leftovers|Unaware|SlackOff,IronDefense,Amnesia,velvetpress|Calm|252,,,4,252,|N|,0,,,,|||,,,,,Fairy]Umbreon||Leftovers|MoonlitVenom|Recover,Toxic,KnockOff,Teleport|Careful|252,4,,,252,|N||||,,,,,Poison]Spiritomb||Leftovers|KeystoneLegion|soultoll,StrengthSap,PartingShot,WillOWisp|Careful|252,4,,,252,|N||S||,,,,,Dragon]Clodsire||HeavyDutyBoots|WaterAbsorb|ToxicSpikes,Punishment,Earthquake,Recover|Careful|248,8,244,,8,|N||||,,,,,Fire\",\"rating\":1492}\n>chat ☆Bunny Stockfish|Good luck! Playing on **stockfish**.\n>p1 team 6, 1, 3, 4, 5, 2\n>p2 team 4, 2, 3, 1, 5, 6\n>p1 move stealthrock\n>p2 move knockoff\n>p1 move earthquake\n>p2 move toxic\n>p1 move earthquake\n>p2 move recover\n>p1 move earthquake\n>p2 move teleport\n>p2 switch 4\n>p1 switch 2\n>p2 move airslash\n>p1 move nastyplot mega\n>p2 move earthpower\n>p1 move flashcannon\n>p2 move earthpower dynamax\n>p1 switch 5\n>p1 move kowtowcleave dynamax\n>p2 move earthpower dynamax\n>p1 move suckerpunch dynamax\n>p2 move recover dynamax\n>p1 move suckerpunch dynamax\n>p2 switch 3\n>p1 move lowkick\n>p2 move irondefense\n>p1 move lowkick\n>p2 move slackoff terastallize\n>p1 switch 4\n>p2 move amnesia\n>p1 move earthquake\n>p2 move irondefense\n>p1 move earthquake\n>p2 move irondefense\n>p1 move earthquake\n>p2 move amnesia\n>p1 move earthquake\n>p2 move amnesia\n>p1 move earthquake\n>p2 move amnesia\n>p1 move earthquake\n>p2 move slackoff\n>p1 move earthquake\n>p2 move velvetpress\n>p1 switch 3\n>p1 move swordsdance\n>p2 move velvetpress\n>p1 switch 6\n>p1 move velvetpress\n>p2 move velvetpress\n>p1 move velvetpress\n>p2 move velvetpress\n>p1 switch 4\n>p1 move kowtowcleave\n>p2 move velvetpress\n>p1 switch 2\n>p1 move earthquake\n>p2 move velvetpress",
	"uploadtime": 1790880473
}