{
	"id": "gen9rpou-5-tm80p7",
	"format": "[Gen 9] RP OU",
	"players": [
		"Bunny Stockfish",
		"SlimeQueenSamantha"
	],
	"rating": null,
	"log": "|j|☆Bunny Stockfish\n|j|☆SlimeQueenSamantha\n|t:|1790845597\n|gametype|singles\n|badge|p1|bronze|gen9rpou|3-3\n|badge|p2|silver|gen9rpou|2-2\n|player|p1|Bunny Stockfish|bunny.png|1382\n|player|p2|SlimeQueenSamantha|queen.png|1492\n|gen|9\n|tier|[Gen 9] RP OU\n|rated|\n|rule|HP Percentage Mod: HP is shown in percentages\n|rule|Endless Battle Clause: Forcing endless battles is banned\n|rule|Species Clause: Limit one of each Pokémon\n|rule|OHKO Clause: OHKO moves are banned\n|rule|Evasion Clause: Evasion abilities, items, and moves are banned\n|rule|Evasion Abilities Clause: Evasion abilities are banned\n|rule|Evasion Items Clause: Evasion items are banned\n|rule|Evasion Moves Clause: Evasion moves are banned\n|rule|Sleep Clause Mod: Limit one foe put to sleep\n|clearpoke\n|poke|p1|Blissey|\n|poke|p1|Torterra|\n|poke|p1|Corsola-Galar|\n|poke|p1|Vaporeon|\n|poke|p1|Clodsire|\n|poke|p1|Clefable|\n|poke|p2|Gouging Fire|\n|poke|p2|Torkoal|\n|poke|p2|Infernape|\n|poke|p2|Leafeon|\n|poke|p2|Landorus-Therian|\n|poke|p2|Walking Wake|\n|teampreview\n|c|☆Bunny Stockfish|Good luck! Playing on **stockfish**.\n|\n|t:|1790845606\n|teamsize|p1|6\n|teamsize|p2|6\n|start\n|switch|p1a: Vaporeon|Vaporeon|100/100\n|switch|p2a: Leafeon|Leafeon|100/100\n|-weather|SunnyDay|[from] ability: Solstice|[of] p2a: Leafeon\n|turn|1\n|\n|t:|1790845608\n|switch|p1a: Torterra|Torterra|100/100\n|move|p2a: Leafeon|Swords Dance|p2a: Leafeon\n|-boost|p2a: Leafeon|atk|2\n|\n|-weather|SunnyDay|[upkeep]\n|upkeep\n|turn|2\n|\n|t:|1790845612\n|-terastallize|p2a: Leafeon|Fire\n|move|p2a: Leafeon|Tera Blast|p1a: Torterra|[anim] Tera Blast Fire\n|-supereffective|p1a: Torterra\n|-damage|p1a: Torterra|0 fnt\n|faint|p1a: Torterra\n|\n|-weather|SunnyDay|[upkeep]\n|upkeep\n|\n|t:|1790845612\n|switch|p1a: Clefable|Clefable|100/100\n|turn|3\n|\n|t:|1790845616\n|move|p2a: Leafeon|Leaf Blade|p1a: Clefable\n|-enditem|p2a: Leafeon|Grass Gem|[from] gem\n|-damage|p1a: Clefable|37/100\n|move|p1a: Clefable|Toxic|p2a: Leafeon\n|-status|p2a: Leafeon|tox\n|\n|-weather|SunnyDay|[upkeep]\n|-heal|p1a: Clefable|43/100|[from] item: Leftovers\n|-damage|p2a: Leafeon|95/100 tox|[from] psn\n|upkeep\n|turn|4\n|\n|t:|1790845621\n|switch|p1a: Clodsire|Clodsire|100/100\n|move|p2a: Leafeon|Leaf Blade|p1a: Clodsire\n|-damage|p1a: Clodsire|52/100\n|\n|-weather|SunnyDay|[upkeep]\n|-heal|p1a: Clodsire|58/100|[from] item: Black Sludge\n|-damage|p2a: Leafeon|83/100 tox|[from] psn\n|upkeep\n|turn|5\n|\n|t:|1790845624\n|move|p2a: Leafeon|Tera Blast|p1a: Clodsire|[anim] Tera Blast Fire\n|-damage|p1a: Clodsire|0 fnt\n|faint|p1a: Clodsire\n|\n|-weather|none\n|-damage|p2a: Leafeon|65/100 tox|[from] psn\n|upkeep\n|\n|t:|1790845624\n|switch|p1a: Corsola|Corsola-Galar|100/100\n|turn|6\n|\n|t:|1790845630\n|move|p2a: Leafeon|Leaf Blade|p1a: Corsola\n|-damage|p1a: Corsola|57/100\n|-start|p2a: Leafeon|Disable|Leaf Blade|[from] ability: Cursed Body|[of] p1a: Corsola\n|move|p1a: Corsola|Night Shade|p2a: Leafeon\n|-damage|p2a: Leafeon|28/100 tox\n|\n|-damage|p2a: Leafeon|5/100 tox|[from] psn\n|upkeep\n|turn|7\n|\n|t:|1790845637\n|-start|p1a: Corsola|Dynamax|\n|-heal|p1a: Corsola|57/100|[silent]\n|move|p2a: Leafeon|Tera Blast|p1a: Corsola|[anim] Tera Blast Fire\n|-damage|p1a: Corsola|39/100\n|move|p1a: Corsola|Max Phantasm|p2a: Leafeon\n|-damage|p2a: Leafeon|0 fnt\n|faint|p2a: Leafeon\n|\n|upkeep\n|\n|t:|1790845644\n|switch|p2a: Torkoal|Torkoal|100/100\n|-weather|SunnyDay|[from] ability: Drought|[of] p2a: Torkoal\n|turn|8\n|\n|t:|1790845647\n|move|p1a: Corsola|Max Phantasm|p2a: Torkoal\n|-damage|p2a: Torkoal|69/100\n|-unboost|p2a: Torkoal|def|1\n|move|p2a: Torkoal|Stealth Rock|p1a: Corsola\n|-sidestart|p1: Bunny Stockfish|move: Stealth Rock\n|\n|-weather|SunnyDay|[upkeep]\n|upkeep\n|turn|9\n|\n|t:|1790845650\n|move|p1a: Corsola|Max Phantasm|p2a: Torkoal\n|-damage|p2a: Torkoal|34/100\n|-unboost|p2a: Torkoal|def|1\n|move|p2a: Torkoal|Lava Plume|p1a: Corsola\n|-damage|p1a: Corsola|27/100\n|-start|p2a: Torkoal|Disable|Lava Plume|[from] ability: Cursed Body|[of] p1a: Corsola\n|\n|-weather|SunnyDay|[upkeep]\n|upkeep\n|-end|p1a: Corsola|Dynamax\n|-heal|p1a: Corsola|27/100|[silent]\n|turn|10\n|\n|t:|1790845655\n|switch|p2a: Infernape|Infernape|100/100\n|move|p1a: Corsola|Strength Sap|p2a: Infernape\n|-unboost|p2a: Infernape|atk|1\n|-heal|p1a: Corsola|100/100\n|\n|-weather|SunnyDay|[upkeep]\n|upkeep\n|turn|11\n|\n|t:|1790845658\n|move|p2a: Infernape|Fire Blast|p1a: Corsola\n|-damage|p1a: Corsola|42/100\n|-start|p2a: Infernape|Disable|Fire Blast|[from] ability: Cursed Body|[of] p1a: Corsola\n|move|p1a: Corsola|Night Shade|p2a: Infernape\n|-damage|p2a: Infernape|66/100\n|\n|-weather|SunnyDay|[upkeep]\n|upkeep\n|turn|12\n|\n|t:|1790845662\n|switch|p1a: Vaporeon|Vaporeon|100/100\n|-damage|p1a: Vaporeon|88/100|[from] Stealth Rock\n|move|p2a: Infernape|U-turn|p1a: Vaporeon\n|-damage|p1a: Vaporeon|73/100\n|\n|t:|1790845667\n|switch|p2a: Walking Wake|Walking Wake|100/100|[from] U-turn\n|-activate|p2a: Walking Wake|ability: Protosynthesis\n|-start|p2a: Walking Wake|protosynthesisspe\n|\n|-weather|SunnyDay|[upkeep]\n|-heal|p1a: Vaporeon|79/100|[from] item: Leftovers\n|upkeep\n|turn|13\n|\n|t:|1790845670\n|-terastallize|p1a: Vaporeon|Fairy\n|move|p2a: Walking Wake|Draco Meteor|p1a: Vaporeon\n|-immune|p1a: Vaporeon\n|move|p1a: Vaporeon|Recover|p1a: Vaporeon\n|-heal|p1a: Vaporeon|100/100\n|\n|-weather|SunnyDay|[upkeep]\n|upkeep\n|turn|14\n|\n|t:|1790845677\n|-end|p2a: Walking Wake|Protosynthesis|[silent]\n|switch|p2a: Landorus|Landorus-Therian|100/100\n|-ability|p2a: Landorus|Intimidate|boost\n|-unboost|p1a: Vaporeon|atk|1\n|move|p1a: Vaporeon|Toxic|p2a: Landorus\n|-status|p2a: Landorus|tox\n|\n|-weather|SunnyDay|[upkeep]\n|-damage|p2a: Landorus|94/100 tox|[from] psn\n|upkeep\n|turn|15\n|\n|t:|1790845683\n|move|p2a: Landorus|Knock Off|p1a: Vaporeon\n|-resisted|p1a: Vaporeon\n|-damage|p1a: Vaporeon|84/100\n|-enditem|p1a: Vaporeon|Leftovers|[from] move: Knock Off|[of] p2a: Landorus\n|move|p1a: Vaporeon|Scald|p2a: Landorus\n|-supereffective|p2a: Landorus\n|-damage|p2a: Landorus|74/100 tox\n|\n|-weather|none\n|-heal|p2a: Landorus|80/100 tox|[from] item: Leftovers\n|-damage|p2a: Landorus|68/100 tox|[from] psn\n|upkeep\n|turn|16\n|\n|t:|1790845689\n|move|p2a: Landorus|Earthquake|p1a: Vaporeon\n|-damage|p1a: Vaporeon|30/100\n|move|p1a: Vaporeon|Scald|p2a: Landorus\n|-supereffective|p2a: Landorus\n|-damage|p2a: Landorus|22/100 tox\n|\n|-heal|p2a: Landorus|28/100 tox|[from] item: Leftovers\n|-damage|p2a: Landorus|10/100 tox|[from] psn\n|upkeep\n|turn|17\n|\n|t:|1790845692\n|move|p2a: Landorus|Earthquake|p1a: Vaporeon\n|-damage|p1a: Vaporeon|0 fnt\n|faint|p1a: Vaporeon\n|\n|-heal|p2a: Landorus|16/100 tox|[from] item: Leftovers\n|-damage|p2a: Landorus|0 fnt|[from] psn\n|faint|p2a: Landorus\n|upkeep\n|\n|t:|1790845696\n|switch|p2a: Torkoal|Torkoal|34/100\n|switch|p1a: Corsola|Corsola-Galar|42/100\n|-damage|p1a: Corsola|30/100|[from] Stealth Rock\n|-weather|SunnyDay|[from] ability: Drought|[of] p2a: Torkoal\n|turn|18\n|\n|t:|1790845698\n|move|p1a: Corsola|Strength Sap|p2a: Torkoal\n|-unboost|p2a: Torkoal|atk|1\n|-heal|p1a: Corsola|87/100\n|move|p2a: Torkoal|Lava Plume|p1a: Corsola\n|-damage|p1a: Corsola|59/100\n|\n|-weather|SunnyDay|[upkeep]\n|upkeep\n|turn|19\n|\n|t:|1790845701\n|move|p1a: Corsola|Night Shade|p2a: Torkoal\n|-damage|p2a: Torkoal|5/100\n|move|p2a: Torkoal|Lava Plume|p1a: Corsola\n|-damage|p1a: Corsola|35/100\n|\n|-weather|SunnyDay|[upkeep]\n|upkeep\n|turn|20\n|\n|t:|1790845706\n|switch|p2a: Walking Wake|Walking Wake|100/100\n|-activate|p2a: Walking Wake|ability: Protosynthesis\n|-start|p2a: Walking Wake|protosynthesisspe\n|move|p1a: Corsola|Night Shade|p2a: Walking Wake\n|-damage|p2a: Walking Wake|71/100\n|\n|-weather|SunnyDay|[upkeep]\n|upkeep\n|turn|21\n|\n|t:|1790845712\n|switch|p1a: Blissey|Blissey|100/100\n|-damage|p1a: Blissey|88/100|[from] Stealth Rock\n|-start|p2a: Walking Wake|Dynamax|\n|-heal|p2a: Walking Wake|71/100|[silent]\n|move|p2a: Walking Wake|Max Wyrmwind|p1a: Blissey\n|-crit|p1a: Blissey\n|-damage|p1a: Blissey|59/100\n|-unboost|p1a: Blissey|atk|1\n|\n|-weather|SunnyDay|[upkeep]\n|-heal|p1a: Blissey|65/100|[from] item: Leftovers\n|upkeep\n|turn|22\n|\n|t:|1790845714\n|move|p2a: Walking Wake|Max Wyrmwind|p1a: Blissey\n|-damage|p1a: Blissey|44/100\n|-unboost|p1a: Blissey|atk|1\n|move|p1a: Blissey|Soft-Boiled|p1a: Blissey\n|-heal|p1a: Blissey|94/100\n|\n|-weather|SunnyDay|[upkeep]\n|-heal|p1a: Blissey|99/100|[from] item: Leftovers\n|upkeep\n|turn|23\n|\n|t:|1790845717\n|move|p2a: Walking Wake|Max Flare|p1a: Blissey\n|-damage|p1a: Blissey|81/100\n|move|p1a: Blissey|Calm Mind|p1a: Blissey\n|-boost|p1a: Blissey|spa|1\n|-boost|p1a: Blissey|spd|1\n|\n|-weather|SunnyDay|[upkeep]\n|-heal|p1a: Blissey|87/100|[from] item: Leftovers\n|upkeep\n|-end|p2a: Walking Wake|Dynamax\n|-heal|p2a: Walking Wake|71/100|[silent]\n|turn|24\n|\n|t:|1790845721\n|-end|p2a: Walking Wake|Protosynthesis|[silent]\n|switch|p2a: Infernape|Infernape|66/100\n|move|p1a: Blissey|Calm Mind|p1a: Blissey\n|-boost|p1a: Blissey|spa|1\n|-boost|p1a: Blissey|spd|1\n|\n|-weather|SunnyDay|[upkeep]\n|-heal|p1a: Blissey|93/100|[from] item: Leftovers\n|upkeep\n|turn|25\n|\n|t:|1790845723\n|move|p2a: Infernape|Close Combat|p1a: Blissey\n|-supereffective|p1a: Blissey\n|-damage|p1a: Blissey|0 fnt\n|-unboost|p2a: Infernape|def|1\n|-unboost|p2a: Infernape|spd|1\n|faint|p1a: Blissey\n|\n|-weather|none\n|upkeep\n|\n|t:|1790845723\n|switch|p1a: Clefable|Clefable|43/100\n|-damage|p1a: Clefable|31/100|[from] Stealth Rock\n|turn|26\n|\n|t:|1790845727\n|move|p1a: Clefable|Protect|p1a: Clefable\n|-singleturn|p1a: Clefable|Protect\n|move|p2a: Infernape|Fire Blast|p1a: Clefable\n|-activate|p1a: Clefable|move: Protect\n|\n|-heal|p1a: Clefable|37/100|[from] item: Leftovers\n|upkeep\n|turn|27\n|\n|t:|1790845730\n|move|p2a: Infernape|Fire Blast|p1a: Clefable\n|-damage|p1a: Clefable|1/100\n|move|p1a: Clefable|Moonblast|p2a: Infernape\n|-damage|p2a: Infernape|15/100\n|-unboost|p2a: Infernape|spa|1\n|\n|-heal|p1a: Clefable|7/100|[from] item: Leftovers\n|upkeep\n|turn|28\n|\n|t:|1790845734\n|move|p2a: Infernape|U-turn|p1a: Clefable\n|-resisted|p1a: Clefable\n|-damage|p1a: Clefable|0 fnt\n|faint|p1a: Clefable\n|\n|t:|1790845737\n|switch|p2a: Torkoal|Torkoal|5/100|[from] U-turn\n|-weather|SunnyDay|[from] ability: Drought|[of] p2a: Torkoal\n|\n|-weather|SunnyDay|[upkeep]\n|upkeep\n|\n|t:|1790845737\n|switch|p1a: Corsola|Corsola-Galar|35/100\n|-damage|p1a: Corsola|23/100|[from] Stealth Rock\n|turn|29\n|\n|t:|1790845739\n|move|p1a: Corsola|Night Shade|p2a: Torkoal\n|-damage|p2a: Torkoal|0 fnt\n|faint|p2a: Torkoal\n|\n|-weather|SunnyDay|[upkeep]\n|upkeep\n|\n|t:|1790845741\n|switch|p2a: Infernape|Infernape|15/100\n|turn|30\n|\n|t:|1790845742\n|move|p2a: Infernape|Fire Blast|p1a: Corsola\n|-damage|p1a: Corsola|0 fnt\n|faint|p1a: Corsola\n|\n|win|SlimeQueenSamantha\n",
	"inputlog": ">start {\"formatid\":\"gen9rpou\",\"seed\":\"sodium,e89c448df382562f52c8beaa5843c9d8\",\"rated\":\"Rated battle\"}\n>player p1 {\"name\":\"Bunny Stockfish\",\"avatar\":\"bunny.png\",\"team\":\"Blissey||Leftovers|Caretaker|SoftBoiled,SeismicToss,CalmMind,Toxic|Calm|252,,4,,252,|N||||,,,,,Fire]Torterra||RockyHelmet|WorldTurtle|TectonicShell,ElderTimber,RapidSpin,Toxic|Impish|252,,252,,4,|N||||,,,,,Grass]Corsola|CorsolaGalar|Eviolite|CursedBody|StrengthSap,NightShade,WillOWisp,Protect|Bold|252,,252,,4,|N|,0,,,,|||,,,,,Fire]Vaporeon||Leftovers|LiquidBody|Recover,Scald,Haze,Toxic|Calm|252,,4,,252,|N|,0,,,,|||,,,,,Fairy]Clodsire||BlackSludge|Unaware|Recover,PoisonJab,Spikes,ToxicSpikes|Careful|252,,4,,252,|N||||,,,,,Poison]Clefable||Leftovers|Unaware|Moonlight,Moonblast,Toxic,Protect|Calm|252,,4,,252,|N|,0,,,,|||,,,,,Water\",\"rating\":1382}\n>player p2 {\"name\":\"SlimeQueenSamantha\",\"avatar\":\"queen.png\",\"team\":\"Gouging Fire||HeavyDutyBoots|Protosynthesis|HeatCrash,Earthquake,DragonDance,MorningSun|Jolly|,252,,,4,252|N||||,,,,,Fairy]Torkoal||HeatRock|Drought|LavaPlume,RapidSpin,StealthRock,WillOWisp|Bold|248,,252,,8,|N||||,,,,,Dragon]Infernape||HeavyDutyBoots|CrownofFlame|CloseCombat,FireBlast,IcePunch,Uturn|Hasty|,252,,4,,252|N||||,,,,,Fighting]Leafeon||GrassGem|Solstice|LeafBlade,Earthquake,SwordsDance,TeraBlast|Naive|,252,,4,,252|N||||,,,,,Fire]Landorus|LandorusTherian|Leftovers|Intimidate|Earthquake,Uturn,Defog,KnockOff|Careful|252,4,,,252,|N||||,,,,,Water]Walking Wake||ChoiceSpecs|Protosynthesis|HydroSteam,DracoMeteor,Flamethrower,DragonPulse|Timid|12,,,244,,252|N|,0,,,,|||,,,,,Water\",\"rating\":1492}\n>chat ☆Bunny Stockfish|Good luck! Playing on **stockfish**.\n>p1 team 4, 6, 2, 1, 3, 5\n>p2 team 4, 2, 3, 1, 5, 6\n>p1 switch 3\n>p2 move swordsdance\n>p1 move toxic\n>p2 move terablast terastallize\n>p1 switch 2\n>p1 move toxic\n>p2 move leafblade\n>p1 switch 6\n>p2 move leafblade\n>p1 move recover\n>p2 move terablast\n>p1 switch 5\n>p1 move nightshade\n>p2 move leafblade\n>p1 move nightshade dynamax\n>p2 move terablast\n>p2 switch 2\n>p1 move nightshade dynamax\n>p2 move stealthrock\n>p1 move nightshade dynamax\n>p2 move lavaplume\n>p1 move strengthsap\n>p2 switch 3\n>p1 move nightshade\n>p2 move fireblast\n>p1 switch 3\n>p2 move uturn\n>p2 switch 6\n>p1 move recover terastallize\n>p2 move dracometeor\n>p1 move toxic\n>p2 switch 5\n>p1 move scald\n>p2 move knockoff\n>p1 move scald\n>p2 move earthquake\n>p1 move scald\n>p2 move earthquake\n>p1 switch 3\n>p2 switch 3\n>p1 move strengthsap\n>p2 move lavaplume\n>p1 move nightshade\n>p2 move lavaplume\n>p1 move nightshade\n>p2 switch 5\n>p1 switch 4\n>p2 move dracometeor dynamax\n>p1 move softboiled\n>p2 move dracometeor dynamax\n>p1 move calmmind\n>p2 move flamethrower dynamax\n>p1 move calmmind\n>p2 switch 6\n>p1 move seismictoss\n>p2 move closecombat\n>p1 switch 6\n>p1 move protect\n>p2 move fireblast\n>p1 move moonblast\n>p2 move fireblast\n>p1 move moonblast\n>p2 move uturn\n>p2 switch 5\n>p1 switch 4\n>p1 move nightshade\n>p2 move lavaplume\n>p2 switch 5\n>p1 move nightshade\n>p2 move fireblast",
	"uploadtime": 1790845742
}