{
	"id": "gen9rpou-12-tlj24k",
	"format": "[Gen 9] RP OU",
	"players": [
		"Bunny Stockfish",
		"TheRealWhimsicott"
	],
	"rating": null,
	"log": "|j|☆Bunny Stockfish\n|j|☆TheRealWhimsicott\n|t:|1789683740\n|gametype|singles\n|badge|p1|bronze|gen9rpou|3-3\n|player|p1|Bunny Stockfish|bunny.png|1332\n|player|p2|TheRealWhimsicott|1|1247\n|gen|9\n|tier|[Gen 9] RP OU\n|rated|\n|rule|HP Percentage Mod: HP is shown in percentages\n|rule|Endless Battle Clause: Forcing endless battles is banned\n|rule|Species Clause: Limit one of each Pokémon\n|rule|OHKO Clause: OHKO moves are banned\n|rule|Evasion Clause: Evasion abilities, items, and moves are banned\n|rule|Evasion Abilities Clause: Evasion abilities are banned\n|rule|Evasion Items Clause: Evasion items are banned\n|rule|Evasion Moves Clause: Evasion moves are banned\n|rule|Sleep Clause Mod: Limit one foe put to sleep\n|clearpoke\n|poke|p1|Espeon|\n|poke|p1|Clodsire|\n|poke|p1|Simipour|\n|poke|p1|Blissey|\n|poke|p1|Glaceon|\n|poke|p1|Enamorus-Therian|\n|poke|p2|Kingambit|\n|poke|p2|Haxorus|\n|poke|p2|Pawmot|\n|poke|p2|Glaceon|\n|poke|p2|Tapu Koko|\n|poke|p2|Corviknight|\n|teampreview\n|c|☆Bunny Stockfish|Good luck! Playing on **stockfish**.\n|\n|t:|1789683754\n|teamsize|p1|6\n|teamsize|p2|6\n|start\n|switch|p1a: Enamorus|Enamorus-Therian|100/100\n|switch|p2a: Glaceon|Glaceon|100/100\n|-weather|Snowscape|[from] ability: Diamond Dust|[of] p2a: Glaceon\n|turn|1\n|\n|t:|1789683757\n|-terastallize|p1a: Enamorus|Fairy\n|move|p2a: Glaceon|Blizzard|p1a: Enamorus\n|-damage|p1a: Enamorus|9/100\n|move|p1a: Enamorus|Mystical Fire|p2a: Glaceon\n|-supereffective|p2a: Glaceon\n|-damage|p2a: Glaceon|0 fnt\n|faint|p2a: Glaceon\n|\n|-weather|Snowscape|[upkeep]\n|upkeep\n|\n|t:|1789683763\n|switch|p2a: Pawmot|Pawmot|100/100\n|turn|2\n|\n|t:|1789683765\n|switch|p1a: Simipour|Simipour|100/100\n|-weather|RainDance|[from] ability: Tidal Surge|[of] p1a: Simipour\n|move|p2a: Pawmot|Double Shock|p1a: Simipour\n|-supereffective|p1a: Simipour\n|-damage|p1a: Simipour|0 fnt\n|-start|p2a: Pawmot|typechange|???/Fighting|[from] move: Double Shock\n|faint|p1a: Simipour\n|\n|-weather|RainDance|[upkeep]\n|upkeep\n|\n|t:|1789683766\n|switch|p1a: Espeon|Espeon|100/100\n|turn|3\n|\n|t:|1789683770\n|switch|p2a: Kingambit|Kingambit|100/100\n|-activate|p2a: Kingambit|ability: Supreme Overlord\n|-start|p2a: Kingambit|fallen1|[silent]\n|-start|p1a: Espeon|Dynamax|\n|-heal|p1a: Espeon|100/100|[silent]\n|move|p1a: Espeon|Max Mindstorm|p2a: Kingambit\n|-immune|p2a: Kingambit\n|\n|-weather|RainDance|[upkeep]\n|upkeep\n|turn|4\n|\n|t:|1789683777\n|-end|p2a: Kingambit|fallen1|[silent]\n|switch|p2a: Tapu Koko|Tapu Koko|100/100\n|-fieldstart|move: Electric Terrain|[from] ability: Electric Surge|[of] p2a: Tapu Koko\n|move|p1a: Espeon|Max Starfall|p2a: Tapu Koko\n|-damage|p2a: Tapu Koko|11/100\n|-fieldstart|move: Misty Terrain\n|\n|-weather|RainDance|[upkeep]\n|upkeep\n|turn|5\n|\n|t:|1789683786\n|move|p2a: Tapu Koko|U-turn|p1a: Espeon\n|-supereffective|p1a: Espeon\n|-damage|p1a: Espeon|71/100\n|\n|t:|1789683790\n|switch|p2a: Corviknight|Corviknight|100/100|[from] U-turn\n|-ability|p2a: Corviknight|Pressure\n|move|p1a: Espeon|Max Mindstorm|p2a: Corviknight\n|-resisted|p2a: Corviknight\n|-damage|p2a: Corviknight|60/100\n|-fieldstart|move: Psychic Terrain\n|\n|-weather|RainDance|[upkeep]\n|-heal|p2a: Corviknight|67/100|[from] item: Leftovers\n|upkeep\n|-end|p1a: Espeon|Dynamax\n|-heal|p1a: Espeon|71/100|[silent]\n|turn|6\n|\n|t:|1789683793\n|switch|p1a: Glaceon|Glaceon|100/100\n|-weather|Snowscape|[from] ability: Diamond Dust|[of] p1a: Glaceon\n|move|p2a: Corviknight|U-turn|p1a: Glaceon\n|-damage|p1a: Glaceon|89/100\n|\n|t:|1789683796\n|switch|p2a: Tapu Koko|Tapu Koko|11/100|[from] U-turn\n|-fieldstart|move: Electric Terrain|[from] ability: Electric Surge|[of] p2a: Tapu Koko\n|\n|-weather|Snowscape|[upkeep]\n|upkeep\n|turn|7\n|\n|t:|1789683798\n|move|p1a: Glaceon|Earth Power|p2a: Tapu Koko\n|-supereffective|p2a: Tapu Koko\n|-damage|p2a: Tapu Koko|0 fnt\n|faint|p2a: Tapu Koko\n|-damage|p1a: Glaceon|79/100|[from] item: Life Orb\n|\n|-weather|Snowscape|[upkeep]\n|upkeep\n|\n|t:|1789683809\n|switch|p2a: Haxorus|Haxorus|100/100\n|-ability|p2a: Haxorus|Mold Breaker\n|turn|8\n|\n|t:|1789683816\n|-terastallize|p2a: Haxorus|Steel\n|move|p1a: Glaceon|Blizzard|p2a: Haxorus\n|-resisted|p2a: Haxorus\n|-damage|p2a: Haxorus|44/100\n|-status|p2a: Haxorus|frz\n|-damage|p1a: Glaceon|69/100|[from] item: Life Orb\n|-curestatus|p2a: Haxorus|frz|[msg]\n|move|p2a: Haxorus|Iron Head|p1a: Glaceon\n|-supereffective|p1a: Glaceon\n|-damage|p1a: Glaceon|0 fnt\n|faint|p1a: Glaceon\n|\n|-weather|Snowscape|[upkeep]\n|upkeep\n|\n|t:|1789683816\n|switch|p1a: Clodsire|Clodsire|100/100\n|turn|9\n|\n|t:|1789683827\n|move|p2a: Haxorus|Earthquake|p1a: Clodsire\n|-supereffective|p1a: Clodsire\n|-damage|p1a: Clodsire|11/100\n|move|p1a: Clodsire|Earthquake|p2a: Haxorus\n|-supereffective|p2a: Haxorus\n|-damage|p2a: Haxorus|0 fnt\n|faint|p2a: Haxorus\n|\n|-weather|Snowscape|[upkeep]\n|upkeep\n|\n|t:|1789683833\n|switch|p2a: Pawmot|Pawmot|100/100\n|turn|10\n|\n|t:|1789683836\n|switch|p1a: Espeon|Espeon|100/100\n|move|p2a: Pawmot|Close Combat|p1a: Espeon\n|-resisted|p1a: Espeon\n|-damage|p1a: Espeon|17/100\n|-unboost|p2a: Pawmot|def|1\n|-unboost|p2a: Pawmot|spd|1\n|\n|-weather|none\n|upkeep\n|turn|11\n|\n|t:|1789683840\n|switch|p2a: Corviknight|Corviknight|67/100\n|-ability|p2a: Corviknight|Pressure\n|move|p1a: Espeon|Psychic|p2a: Corviknight\n|-resisted|p2a: Corviknight\n|-damage|p2a: Corviknight|36/100\n|\n|-heal|p2a: Corviknight|42/100|[from] item: Leftovers\n|upkeep\n|turn|12\n|\n|t:|1789683843\n|move|p1a: Espeon|Shadow Ball|p2a: Corviknight\n|-damage|p2a: Corviknight|4/100\n|move|p2a: Corviknight|Roost|p2a: Corviknight\n|-heal|p2a: Corviknight|54/100\n|-singleturn|p2a: Corviknight|move: Roost\n|\n|-heal|p2a: Corviknight|60/100|[from] item: Leftovers\n|upkeep\n|turn|13\n|\n|t:|1789683846\n|move|p1a: Espeon|Shadow Ball|p2a: Corviknight\n|-damage|p2a: Corviknight|28/100\n|-unboost|p2a: Corviknight|spd|1\n|move|p2a: Corviknight|Roost|p2a: Corviknight\n|-heal|p2a: Corviknight|78/100\n|-singleturn|p2a: Corviknight|move: Roost\n|\n|-heal|p2a: Corviknight|84/100|[from] item: Leftovers\n|-fieldend|move: Electric Terrain\n|upkeep\n|turn|14\n|\n|t:|1789683849\n|move|p2a: Corviknight|Protect|p2a: Corviknight\n|-singleturn|p2a: Corviknight|Protect\n|move|p1a: Espeon|Shadow Ball|p2a: Corviknight\n|-activate|p2a: Corviknight|move: Protect\n|\n|-heal|p2a: Corviknight|90/100|[from] item: Leftovers\n|upkeep\n|turn|15\n|\n|t:|1789683852\n|switch|p2a: Kingambit|Kingambit|100/100\n|-activate|p2a: Kingambit|ability: Supreme Overlord\n|-start|p2a: Kingambit|fallen3|[silent]\n|move|p1a: Espeon|Shadow Ball|p2a: Kingambit\n|-resisted|p2a: Kingambit\n|-damage|p2a: Kingambit|84/100\n|\n|upkeep\n|turn|16\n|\n|t:|1789683854\n|move|p2a: Kingambit|Sucker Punch|p1a: Espeon\n|-supereffective|p1a: Espeon\n|-damage|p1a: Espeon|0 fnt\n|faint|p1a: Espeon\n|\n|upkeep\n|\n|t:|1789683854\n|switch|p1a: Blissey|Blissey|100/100\n|turn|17\n|\n|t:|1789683858\n|-end|p2a: Kingambit|fallen3|[silent]\n|switch|p2a: Corviknight|Corviknight|90/100\n|-ability|p2a: Corviknight|Pressure\n|move|p1a: Blissey|Flamethrower|p2a: Corviknight\n|-supereffective|p2a: Corviknight\n|-damage|p2a: Corviknight|59/100\n|\n|-heal|p2a: Corviknight|65/100|[from] item: Leftovers\n|upkeep\n|turn|18\n|\n|t:|1789683861\n|move|p2a: Corviknight|U-turn|p1a: Blissey\n|-damage|p1a: Blissey|85/100\n|\n|t:|1789683864\n|switch|p2a: Pawmot|Pawmot|100/100|[from] U-turn\n|move|p1a: Blissey|Flamethrower|p2a: Pawmot\n|-damage|p2a: Pawmot|69/100\n|\n|-heal|p1a: Blissey|91/100|[from] item: Leftovers\n|upkeep\n|turn|19\n|\n|t:|1789683867\n|move|p2a: Pawmot|Double Shock|p1a: Blissey\n|-damage|p1a: Blissey|3/100\n|-start|p2a: Pawmot|typechange|???/Fighting|[from] move: Double Shock\n|move|p1a: Blissey|Seismic Toss|p2a: Pawmot\n|-damage|p2a: Pawmot|33/100\n|\n|-heal|p1a: Blissey|9/100|[from] item: Leftovers\n|upkeep\n|turn|20\n|\n|t:|1789683873\n|switch|p2a: Corviknight|Corviknight|65/100\n|-ability|p2a: Corviknight|Pressure\n|move|p1a: Blissey|Seismic Toss|p2a: Corviknight\n|-damage|p2a: Corviknight|40/100\n|\n|-heal|p2a: Corviknight|47/100|[from] item: Leftovers\n|-heal|p1a: Blissey|16/100|[from] item: Leftovers\n|upkeep\n|turn|21\n|\n|t:|1789683875\n|move|p2a: Corviknight|U-turn|p1a: Blissey\n|-damage|p1a: Blissey|2/100\n|\n|t:|1789683877\n|switch|p2a: Pawmot|Pawmot|33/100|[from] U-turn\n|move|p1a: Blissey|Flamethrower|p2a: Pawmot\n|-damage|p2a: Pawmot|1/100\n|\n|-heal|p1a: Blissey|8/100|[from] item: Leftovers\n|upkeep\n|turn|22\n|\n|t:|1789683879\n|move|p2a: Pawmot|Revival Blessing|p2a: Pawmot\n|\n|t:|1789683881\n|-heal|p2: Glaceon|50/100|[from] move: Revival Blessing\n|move|p1a: Blissey|Flamethrower|p2a: Pawmot\n|-damage|p2a: Pawmot|0 fnt\n|faint|p2a: Pawmot\n|\n|-heal|p1a: Blissey|14/100|[from] item: Leftovers\n|upkeep\n|\n|t:|1789683883\n|switch|p2a: Glaceon|Glaceon|50/100\n|-weather|Snowscape|[from] ability: Diamond Dust|[of] p2a: Glaceon\n|turn|23\n|\n|t:|1789683883\n|move|p2a: Glaceon|Blizzard|p1a: Blissey\n|-damage|p1a: Blissey|0 fnt\n|faint|p1a: Blissey\n|\n|-weather|Snowscape|[upkeep]\n|upkeep\n|\n|t:|1789683883\n|switch|p1a: Clodsire|Clodsire|11/100\n|turn|24\n|\n|t:|1789683885\n|move|p2a: Glaceon|Blizzard|p1a: Clodsire\n|-supereffective|p1a: Clodsire\n|-damage|p1a: Clodsire|0 fnt\n|faint|p1a: Clodsire\n|\n|-weather|Snowscape|[upkeep]\n|upkeep\n|\n|t:|1789683885\n|switch|p1a: Enamorus|Enamorus-Therian, tera:Fairy|9/100\n|turn|25\n|\n|t:|1789683886\n|move|p2a: Glaceon|Blizzard|p1a: Enamorus\n|-damage|p1a: Enamorus|0 fnt\n|faint|p1a: Enamorus\n|\n|win|TheRealWhimsicott\n",
	"inputlog": ">start {\"formatid\":\"gen9rpou\",\"seed\":\"sodium,d27b060cf41fc384d6c95ad0417098c0\",\"rated\":\"Rated battle\"}\n>player p1 {\"name\":\"Bunny Stockfish\",\"avatar\":\"bunny.png\",\"team\":\"Espeon||LifeOrb|Prescience|Psychic,AlluringVoice,ShadowBall,CalmMind|Timid|,,,252,4,252|N||||,,,,,Fairy]Clodsire||HeavyDutyBoots|Unaware|Earthquake,Recover,Toxic,StealthRock|Careful|248,,8,,252,|N||||,,,,,Dark]Simipour||ElementalBanana|TidalSurge|TorrentRush,Uturn,FlipTurn,Liquidation|Jolly|,252,,,4,252|N||||,,,,,Water]Blissey||Leftovers|NaturalCure|SoftBoiled,CalmMind,SeismicToss,Flamethrower|Calm|4,,252,,252,|N|,0,,,,|||,,,,,Water]Glaceon||LifeOrb|DiamondDust|FreezeDry,EarthPower,SparkScamper,Blizzard|Timid|,,,252,4,252|N||||,,,,,Ice]Enamorus|EnamorusTherian|ChoiceSpecs|Overcoat|Moonblast,EarthPower,MysticalFire,DrainingKiss|Quiet|248,,8,252,,|N|,0,,,,0|||,,,,,Fairy\",\"rating\":1332}\n>player p2 {\"name\":\"TheRealWhimsicott\",\"avatar\":\"1\",\"team\":\"Kingambit||BlackGlasses|SupremeOverlord|KnockOff,LowKick,SuckerPunch,SwordsDance|Adamant|252,252,,,4,|N||||,,,,,Dark]Haxorus||LoadedDice|MoldBreaker|HoneClaws,ScaleShot,Earthquake,IronHead|Jolly|4,252,,,,252|N||||,,,,,Steel]Pawmot||ChoiceBand|IronFist|RevivalBlessing,SparkScamper,CloseCombat,DoubleShock|Jolly|4,252,,,,252|N||||,,,,,Electric]Glaceon||ChoiceSpecs|DiamondDust|EarthPower,FreezeDry,FocusBlast,Blizzard|Modest|,,,252,4,252|N|,0,,,,|||,,,,,Ice]Tapu Koko||TerrainExtender|ElectricSurge|Uturn,Roost,Thunderbolt,DazzlingGleam|Timid|4,,,252,,252|N||||,,,,,Electric]Corviknight||Leftovers|Pressure|Roost,Uturn,Protect,Defog|Impish|252,,252,,4,|N||||,,,,,Flying\",\"rating\":1247}\n>chat ☆Bunny Stockfish|Good luck! Playing on **stockfish**.\n>p1 team 6, 1, 3, 5, 4, 2\n>p2 team 4, 2, 3, 1, 5, 6\n>p1 move mysticalfire terastallize\n>p2 move blizzard\n>p2 switch 3\n>p1 switch 3\n>p2 move doubleshock\n>p1 switch 2\n>p1 move psychic dynamax\n>p2 switch 4\n>p1 move alluringvoice dynamax\n>p2 switch 5\n>p1 move psychic dynamax\n>p2 move uturn\n>p2 switch 6\n>p1 switch 4\n>p2 move uturn\n>p2 switch 6\n>p1 move earthpower\n>p2 move uturn\n>p2 switch 2\n>p1 move blizzard\n>p2 move ironhead terastallize\n>p1 switch 6\n>p1 move earthquake\n>p2 move earthquake\n>p2 switch 4\n>p1 switch 4\n>p2 move closecombat\n>p1 move psychic\n>p2 switch 6\n>p1 move shadowball\n>p2 move roost\n>p1 move shadowball\n>p2 move roost\n>p1 move shadowball\n>p2 move protect\n>p1 move shadowball\n>p2 switch 5\n>p1 move alluringvoice\n>p2 move suckerpunch\n>p1 switch 5\n>p1 move flamethrower\n>p2 switch 5\n>p1 move flamethrower\n>p2 move uturn\n>p2 switch 6\n>p1 move seismictoss\n>p2 move doubleshock\n>p1 move seismictoss\n>p2 switch 6\n>p1 move flamethrower\n>p2 move uturn\n>p2 switch 6\n>p1 move flamethrower\n>p2 move revivalblessing\n>p2 switch 3\n>p2 switch 3\n>p1 move flamethrower\n>p2 move blizzard\n>p1 switch 4\n>p1 move earthquake\n>p2 move blizzard\n>p1 switch 3\n>p1 move mysticalfire\n>p2 move blizzard",
	"uploadtime": 1789683886
}