{
	"id": "gen9rpou-18-tlj24k",
	"format": "[Gen 9] RP OU",
	"players": [
		"Bunny Stockfish",
		"TheRealWhimsicott"
	],
	"rating": null,
	"log": "|j|☆Bunny Stockfish\n|j|☆TheRealWhimsicott\n|t:|1789684815\n|gametype|singles\n|badge|p1|bronze|gen9rpou|3-3\n|badge|p2|silver|gen9rpou|2-2\n|player|p1|Bunny Stockfish|bunny.png|1332\n|player|p2|TheRealWhimsicott|1|1353\n|gen|9\n|tier|[Gen 9] RP OU\n|rated|\n|rule|HP Percentage Mod: HP is shown in percentages\n|rule|Endless Battle Clause: Forcing endless battles is banned\n|rule|Species Clause: Limit one of each Pokémon\n|rule|OHKO Clause: OHKO moves are banned\n|rule|Evasion Clause: Evasion abilities, items, and moves are banned\n|rule|Evasion Abilities Clause: Evasion abilities are banned\n|rule|Evasion Items Clause: Evasion items are banned\n|rule|Evasion Moves Clause: Evasion moves are banned\n|rule|Sleep Clause Mod: Limit one foe put to sleep\n|clearpoke\n|poke|p1|Corviknight|\n|poke|p1|Blissey|\n|poke|p1|Sinistcha-Masterpiece|\n|poke|p1|Enamorus|\n|poke|p1|Roserade|\n|poke|p1|Ninetales|\n|poke|p2|Kingambit|\n|poke|p2|Haxorus|\n|poke|p2|Pawmot|\n|poke|p2|Glaceon|\n|poke|p2|Tapu Koko|\n|poke|p2|Corviknight|\n|teampreview\n|c|☆Bunny Stockfish|Good luck! Playing on **stockfish**.\n|\n|t:|1789684835\n|teamsize|p1|6\n|teamsize|p2|6\n|start\n|switch|p1a: Ninetales|Ninetales|100/100\n|switch|p2a: Glaceon|Glaceon|100/100\n|-weather|SunnyDay|[from] ability: Drought|[of] p1a: Ninetales\n|-weather|Snowscape|[from] ability: Diamond Dust|[of] p2a: Glaceon\n|turn|1\n|\n|t:|1789684840\n|move|p2a: Glaceon|Earth Power|p1a: Ninetales\n|-supereffective|p1a: Ninetales\n|-damage|p1a: Ninetales|7/100\n|move|p1a: Ninetales|Overheat|p2a: Glaceon\n|-supereffective|p2a: Glaceon\n|-damage|p2a: Glaceon|1/100\n|-unboost|p1a: Ninetales|spa|2\n|\n|-weather|Snowscape|[upkeep]\n|upkeep\n|turn|2\n|\n|t:|1789684846\n|move|p2a: Glaceon|Earth Power|p1a: Ninetales\n|-supereffective|p1a: Ninetales\n|-damage|p1a: Ninetales|0 fnt\n|faint|p1a: Ninetales\n|\n|-weather|Snowscape|[upkeep]\n|upkeep\n|\n|t:|1789684846\n|switch|p1a: Enamorus|Enamorus|100/100\n|turn|3\n|\n|t:|1789684849\n|switch|p2a: Corviknight|Corviknight|100/100\n|-ability|p2a: Corviknight|Pressure\n|-start|p1a: Enamorus|Dynamax|\n|-heal|p1a: Enamorus|100/100|[silent]\n|move|p1a: Enamorus|Max Starfall|p2a: Corviknight\n|-resisted|p2a: Corviknight\n|-damage|p2a: Corviknight|56/100\n|-fieldstart|move: Misty Terrain\n|-damage|p1a: Enamorus|96/100|[from] item: Life Orb\n|\n|-weather|Snowscape|[upkeep]\n|-heal|p2a: Corviknight|62/100|[from] item: Leftovers\n|upkeep\n|turn|4\n|\n|t:|1789684853\n|move|p2a: Corviknight|Protect|p2a: Corviknight\n|-singleturn|p2a: Corviknight|Protect\n|move|p1a: Enamorus|Max Starfall|p2a: Corviknight\n|-resisted|p2a: Corviknight\n|-zbroken|p2a: Corviknight\n|-damage|p2a: Corviknight|50/100\n|-damage|p1a: Enamorus|91/100|[from] item: Life Orb\n|\n|-weather|Snowscape|[upkeep]\n|-heal|p2a: Corviknight|57/100|[from] item: Leftovers\n|upkeep\n|turn|5\n|\n|t:|1789684854\n|move|p1a: Enamorus|Max Starfall|p2a: Corviknight\n|-resisted|p2a: Corviknight\n|-damage|p2a: Corviknight|7/100\n|-damage|p1a: Enamorus|86/100|[from] item: Life Orb\n|move|p2a: Corviknight|Roost|p2a: Corviknight\n|-heal|p2a: Corviknight|57/100\n|-singleturn|p2a: Corviknight|move: Roost\n|\n|-weather|none\n|-heal|p2a: Corviknight|63/100|[from] item: Leftovers\n|upkeep\n|-end|p1a: Enamorus|Dynamax\n|-heal|p1a: Enamorus|86/100|[silent]\n|turn|6\n|\n|t:|1789684856\n|move|p2a: Corviknight|Protect|p2a: Corviknight\n|-singleturn|p2a: Corviknight|Protect\n|move|p1a: Enamorus|Moonblast|p2a: Corviknight\n|-activate|p2a: Corviknight|move: Protect\n|\n|-heal|p2a: Corviknight|69/100|[from] item: Leftovers\n|upkeep\n|turn|7\n|\n|t:|1789684858\n|move|p1a: Enamorus|Moonblast|p2a: Corviknight\n|-resisted|p2a: Corviknight\n|-damage|p2a: Corviknight|32/100\n|-damage|p1a: Enamorus|76/100|[from] item: Life Orb\n|move|p2a: Corviknight|Roost|p2a: Corviknight\n|-heal|p2a: Corviknight|82/100\n|-singleturn|p2a: Corviknight|move: Roost\n|\n|-heal|p2a: Corviknight|88/100|[from] item: Leftovers\n|-fieldend|Misty Terrain\n|upkeep\n|turn|8\n|\n|t:|1789684859\n|move|p2a: Corviknight|Protect|p2a: Corviknight\n|-singleturn|p2a: Corviknight|Protect\n|move|p1a: Enamorus|Moonblast|p2a: Corviknight\n|-activate|p2a: Corviknight|move: Protect\n|\n|-heal|p2a: Corviknight|94/100|[from] item: Leftovers\n|upkeep\n|turn|9\n|\n|t:|1789684862\n|move|p1a: Enamorus|Moonblast|p2a: Corviknight\n|-resisted|p2a: Corviknight\n|-damage|p2a: Corviknight|57/100\n|-damage|p1a: Enamorus|67/100|[from] item: Life Orb\n|move|p2a: Corviknight|U-turn|p1a: Enamorus\n|-resisted|p1a: Enamorus\n|-damage|p1a: Enamorus|61/100\n|\n|t:|1789684864\n|switch|p2a: Glaceon|Glaceon|1/100|[from] U-turn\n|-weather|Snowscape|[from] ability: Diamond Dust|[of] p2a: Glaceon\n|\n|-weather|Snowscape|[upkeep]\n|upkeep\n|turn|10\n|\n|t:|1789684866\n|-terastallize|p2a: Glaceon|Ice\n|move|p2a: Glaceon|Blizzard|p1a: Enamorus\n|-supereffective|p1a: Enamorus\n|-damage|p1a: Enamorus|0 fnt\n|faint|p1a: Enamorus\n|\n|-weather|Snowscape|[upkeep]\n|upkeep\n|\n|t:|1789684866\n|switch|p1a: Roserade|Roserade|100/100\n|-ability|p1a: Roserade|Masquerade\n|-start|p2a: Glaceon|move: Taunt\n|turn|11\n|\n|t:|1789684868\n|move|p2a: Glaceon|Blizzard|p1a: Roserade\n|-supereffective|p1a: Roserade\n|-enditem|p1a: Roserade|Focus Sash\n|-damage|p1a: Roserade|1/100\n|move|p1a: Roserade|Thorned Bouquet|p2a: Glaceon\n|-damage|p2a: Glaceon|0 fnt\n|-heal|p1a: Roserade|1/100|[from] drain|[of] p2a: Glaceon\n|faint|p2a: Glaceon\n|\n|-weather|Snowscape|[upkeep]\n|upkeep\n|\n|t:|1789684871\n|switch|p2a: Pawmot|Pawmot|100/100\n|turn|12\n|\n|t:|1789684872\n|switch|p1a: Sinistcha|Sinistcha-Masterpiece|100/100\n|move|p2a: Pawmot|Revival Blessing|p2a: Pawmot\n|\n|t:|1789684874\n|-heal|p2: Glaceon|50/100|[from] move: Revival Blessing\n|\n|-weather|Snowscape|[upkeep]\n|upkeep\n|turn|13\n|\n|t:|1789684876\n|-activate|p2a: Pawmot|move: Struggle\n|move|p2a: Pawmot|Struggle|p1a: Sinistcha\n|-damage|p1a: Sinistcha|83/100\n|-damage|p2a: Pawmot|75/100|[from] recoil\n|move|p1a: Sinistcha|Matcha Gotcha|p2a: Pawmot|[miss]\n|-miss|p1a: Sinistcha|p2a: Pawmot\n|\n|-weather|none\n|upkeep\n|turn|14\n|\n|t:|1789684877\n|-activate|p2a: Pawmot|move: Struggle\n|move|p2a: Pawmot|Struggle|p1a: Sinistcha\n|-damage|p1a: Sinistcha|66/100\n|-damage|p2a: Pawmot|50/100|[from] recoil\n|move|p1a: Sinistcha|Matcha Gotcha|p2a: Pawmot\n|-damage|p2a: Pawmot|0 fnt\n|-heal|p1a: Sinistcha|86/100|[from] drain|[of] p2a: Pawmot\n|faint|p2a: Pawmot\n|\n|upkeep\n|\n|t:|1789684879\n|switch|p2a: Glaceon|Glaceon|50/100\n|-weather|Snowscape|[from] ability: Diamond Dust|[of] p2a: Glaceon\n|turn|15\n|\n|t:|1789684880\n|switch|p1a: Blissey|Blissey|100/100\n|move|p2a: Glaceon|Blizzard|p1a: Blissey\n|-crit|p1a: Blissey\n|-damage|p1a: Blissey|57/100\n|\n|-weather|Snowscape|[upkeep]\n|-heal|p1a: Blissey|63/100|[from] item: Leftovers\n|upkeep\n|turn|16\n|\n|t:|1789684883\n|move|p2a: Glaceon|Blizzard|p1a: Blissey\n|-damage|p1a: Blissey|37/100\n|move|p1a: Blissey|Seismic Toss|p2a: Glaceon\n|-damage|p2a: Glaceon|13/100\n|\n|-weather|Snowscape|[upkeep]\n|-heal|p1a: Blissey|43/100|[from] item: Leftovers\n|upkeep\n|turn|17\n|\n|t:|1789684884\n|move|p2a: Glaceon|Blizzard|p1a: Blissey\n|-damage|p1a: Blissey|14/100\n|move|p1a: Blissey|Seismic Toss|p2a: Glaceon\n|-damage|p2a: Glaceon|0 fnt\n|faint|p2a: Glaceon\n|\n|-weather|Snowscape|[upkeep]\n|-heal|p1a: Blissey|21/100|[from] item: Leftovers\n|upkeep\n|\n|t:|1789684886\n|switch|p2a: Corviknight|Corviknight|57/100\n|-ability|p2a: Corviknight|Pressure\n|turn|18\n|\n|t:|1789684889\n|switch|p1a: Corviknight|Corviknight|100/100\n|-ability|p1a: Corviknight|Unnerve\n|move|p2a: Corviknight|U-turn|p1a: Corviknight\n|-resisted|p1a: Corviknight\n|-crit|p1a: Corviknight\n|-damage|p1a: Corviknight|97/100\n|-damage|p2a: Corviknight|41/100|[from] item: Rocky Helmet|[of] p1a: Corviknight\n|\n|t:|1789684892\n|switch|p2a: Tapu Koko|Tapu Koko|100/100|[from] U-turn\n|-fieldstart|move: Electric Terrain|[from] ability: Electric Surge|[of] p2a: Tapu Koko\n|\n|-weather|Snowscape|[upkeep]\n|upkeep\n|turn|19\n|\n|t:|1789684894\n|move|p2a: Tapu Koko|U-turn|p1a: Corviknight\n|-resisted|p1a: Corviknight\n|-damage|p1a: Corviknight|95/100\n|-damage|p2a: Tapu Koko|84/100|[from] item: Rocky Helmet|[of] p1a: Corviknight\n|\n|t:|1789684895\n|switch|p2a: Haxorus|Haxorus|100/100|[from] U-turn\n|-ability|p2a: Haxorus|Mold Breaker\n|move|p1a: Corviknight|Iron Defense|p1a: Corviknight\n|-boost|p1a: Corviknight|def|2\n|\n|-weather|none\n|upkeep\n|turn|20\n|\n|t:|1789684898\n|switch|p2a: Tapu Koko|Tapu Koko|84/100\n|move|p1a: Corviknight|Iron Defense|p1a: Corviknight\n|-boost|p1a: Corviknight|def|2\n|\n|upkeep\n|turn|21\n|\n|t:|1789684900\n|-start|p2a: Tapu Koko|Dynamax|\n|-heal|p2a: Tapu Koko|84/100|[silent]\n|move|p2a: Tapu Koko|Max Lightning|p1a: Corviknight\n|-supereffective|p1a: Corviknight\n|-damage|p1a: Corviknight|0 fnt\n|faint|p1a: Corviknight\n|\n|upkeep\n|\n|t:|1789684900\n|switch|p1a: Roserade|Roserade|1/100\n|-ability|p1a: Roserade|Masquerade\n|-start|p2a: Tapu Koko|move: Taunt\n|turn|22\n|\n|t:|1789684904\n|move|p2a: Tapu Koko|Max Lightning|p1a: Roserade\n|-resisted|p1a: Roserade\n|-damage|p1a: Roserade|0 fnt\n|faint|p1a: Roserade\n|\n|upkeep\n|\n|t:|1789684904\n|switch|p1a: Sinistcha|Sinistcha-Masterpiece|86/100\n|turn|23\n|\n|t:|1789684906\n|move|p2a: Tapu Koko|Max Starfall|p1a: Sinistcha\n|-damage|p1a: Sinistcha|25/100\n|-fieldstart|move: Misty Terrain\n|move|p1a: Sinistcha|Calm Mind|p1a: Sinistcha\n|-boost|p1a: Sinistcha|spa|1\n|-boost|p1a: Sinistcha|spd|1\n|\n|upkeep\n|-end|p2a: Tapu Koko|Dynamax\n|-heal|p2a: Tapu Koko|84/100|[silent]\n|turn|24\n|\n|t:|1789684908\n|move|p2a: Tapu Koko|Dazzling Gleam|p1a: Sinistcha\n|-damage|p1a: Sinistcha|0 fnt\n|faint|p1a: Sinistcha\n|\n|upkeep\n|\n|t:|1789684908\n|switch|p1a: Blissey|Blissey|21/100\n|turn|25\n|\n|t:|1789684910\n|move|p2a: Tapu Koko|Thunderbolt|p1a: Blissey\n|-damage|p1a: Blissey|9/100\n|move|p1a: Blissey|Seismic Toss|p2a: Tapu Koko\n|-damage|p2a: Tapu Koko|48/100\n|\n|-heal|p1a: Blissey|15/100|[from] item: Leftovers\n|-end|p2a: Tapu Koko|move: Taunt\n|upkeep\n|turn|26\n|\n|t:|1789684911\n|move|p2a: Tapu Koko|Dazzling Gleam|p1a: Blissey\n|-damage|p1a: Blissey|5/100\n|move|p1a: Blissey|Seismic Toss|p2a: Tapu Koko\n|-damage|p2a: Tapu Koko|13/100\n|\n|-heal|p1a: Blissey|11/100|[from] item: Leftovers\n|upkeep\n|turn|27\n|\n|t:|1789684913\n|move|p2a: Tapu Koko|Dazzling Gleam|p1a: Blissey\n|-damage|p1a: Blissey|1/100\n|move|p1a: Blissey|Seismic Toss|p2a: Tapu Koko\n|-damage|p2a: Tapu Koko|0 fnt\n|faint|p2a: Tapu Koko\n|\n|-heal|p1a: Blissey|7/100|[from] item: Leftovers\n|upkeep\n|\n|t:|1789684914\n|switch|p2a: Kingambit|Kingambit|100/100\n|-activate|p2a: Kingambit|ability: Supreme Overlord\n|-start|p2a: Kingambit|fallen4|[silent]\n|turn|28\n|\n|t:|1789684915\n|move|p1a: Blissey|Seismic Toss|p2a: Kingambit\n|-damage|p2a: Kingambit|76/100\n|move|p2a: Kingambit|Knock Off|p1a: Blissey\n|-damage|p1a: Blissey|0 fnt\n|-enditem|p1a: Blissey|Leftovers|[from] move: Knock Off|[of] p2a: Kingambit\n|faint|p1a: Blissey\n|\n|win|TheRealWhimsicott\n",
	"inputlog": ">start {\"formatid\":\"gen9rpou\",\"seed\":\"sodium,9adaa708b0db24e25d5f4ce113a5ee26\",\"rated\":\"Rated battle\"}\n>player p1 {\"name\":\"Bunny Stockfish\",\"avatar\":\"bunny.png\",\"team\":\"Corviknight||RockyHelmet|Unnerve|BraveBird,Defog,IronDefense,Roost|Impish|248,,252,,8,|N||||,,,G,,Water]Blissey||Leftovers|NaturalCure|SoftBoiled,CalmMind,SeismicToss,StealthRock|Calm|4,,252,,252,|N|,0,,,,|||,,,,,Dark]Sinistcha|SinistchaMasterpiece|HeavyDutyBoots|Heatproof|CalmMind,MatchaGotcha,ShadowBall,StrengthSap|Bold|252,,252,,4,|N||||,,,,,Fairy]Enamorus||LifeOrb|Contrary|Substitute,Moonblast,EarthPower,DrainingKiss|Modest|,,,252,4,252|N|,0,,,,|||,,,,,Fairy]Roserade||FocusSash|Masquerade|ThornedBouquet,SludgeBomb,Synthesis,Spikes|Timid|,,,252,4,252|N||||,,,,,Grass]Ninetales||HeatRock|Drought|Overheat,Encore,HealingWish,WillOWisp|Timid|252,,4,,,252|N|,0,,,,|||,,,,,Grass\",\"rating\":1332}\n>player p2 {\"name\":\"TheRealWhimsicott\",\"avatar\":\"1\",\"team\":\"Kingambit||BlackGlasses|SupremeOverlord|KnockOff,LowKick,SuckerPunch,SwordsDance|Adamant|252,252,,,4,|N||||,,,,,Dark]Haxorus||LoadedDice|MoldBreaker|HoneClaws,ScaleShot,Earthquake,IronHead|Jolly|4,252,,,,252|N||||,,,,,Steel]Pawmot||ChoiceBand|IronFist|RevivalBlessing,SparkScamper,CloseCombat,DoubleShock|Jolly|4,252,,,,252|N||||,,,,,Electric]Glaceon||ChoiceSpecs|DiamondDust|EarthPower,FreezeDry,FocusBlast,Blizzard|Modest|,,,252,4,252|N|,0,,,,|||,,,,,Ice]Tapu Koko||TerrainExtender|ElectricSurge|Uturn,Roost,Thunderbolt,DazzlingGleam|Timid|4,,,252,,252|N||||,,,,,Electric]Corviknight||Leftovers|Pressure|Roost,Uturn,Protect,Defog|Impish|252,,252,,4,|N||||,,,,,Flying\",\"rating\":1353}\n>chat ☆Bunny Stockfish|Good luck! Playing on **stockfish**.\n>p1 team 6, 5, 4, 3, 1, 2\n>p2 team 4, 2, 3, 1, 5, 6\n>p1 move overheat\n>p2 move earthpower\n>p1 move overheat\n>p2 move earthpower\n>p1 switch 3\n>p1 move moonblast dynamax\n>p2 switch 6\n>p1 move moonblast dynamax\n>p2 move protect\n>p1 move moonblast dynamax\n>p2 move roost\n>p1 move moonblast\n>p2 move protect\n>p1 move moonblast\n>p2 move roost\n>p1 move moonblast\n>p2 move protect\n>p1 move moonblast\n>p2 move uturn\n>p2 switch 6\n>p1 move moonblast\n>p2 move blizzard terastallize\n>p1 switch 2\n>p1 move thornedbouquet\n>p2 move blizzard\n>p2 switch 3\n>p1 switch 4\n>p2 move revivalblessing\n>p2 switch 3\n>p1 move matchagotcha\n>p2 move struggle\n>p1 move matchagotcha\n>p2 move struggle\n>p2 switch 3\n>p1 switch 6\n>p2 move blizzard\n>p1 move seismictoss\n>p2 move blizzard\n>p1 move seismictoss\n>p2 move blizzard\n>p2 switch 6\n>p1 switch 5\n>p2 move uturn\n>p2 switch 5\n>p1 move irondefense\n>p2 move uturn\n>p2 switch 2\n>p1 move irondefense\n>p2 switch 2\n>p1 move bravebird\n>p2 move thunderbolt dynamax\n>p1 switch 4\n>p1 move sludgebomb\n>p2 move thunderbolt dynamax\n>p1 switch 6\n>p1 move calmmind\n>p2 move dazzlinggleam dynamax\n>p1 move matchagotcha\n>p2 move dazzlinggleam\n>p1 switch 5\n>p1 move seismictoss\n>p2 move thunderbolt\n>p1 move seismictoss\n>p2 move dazzlinggleam\n>p1 move seismictoss\n>p2 move dazzlinggleam\n>p2 switch 4\n>p1 move seismictoss\n>p2 move knockoff",
	"uploadtime": 1789684915
}