{
	"id": "gen9rprandombattle-4-tmpgkc",
	"format": "[Gen 9] RP Random Battle",
	"players": [
		"Bunny Normal",
		"TheRedRecord7"
	],
	"rating": null,
	"log": "|j|☆Bunny Normal\n|j|☆TheRedRecord7\n|t:|1791659440\n|gametype|singles\n|player|p1|Bunny Normal|bunny.png|1226\n|player|p2|TheRedRecord7|palmer|1163\n|gen|9\n|tier|[Gen 9] RP Random Battle\n|rated|\n|rule|Species Clause: Limit one of each Pokémon\n|rule|HP Percentage Mod: HP is shown in percentages\n|rule|Sleep Clause Mod: Limit one foe put to sleep\n|rule|Illusion Level Mod: Illusion disguises the Pokémon's true level\n|\n|t:|1791659440\n|teamsize|p1|6\n|teamsize|p2|6\n|start\n|switch|p1a: Calyrex|Calyrex-Ice, L72|263/263\n|switch|p2a: Scream Tail|Scream Tail, L84|330/330\n|-ability|p1a: Calyrex|As One\n|-ability|p1a: Calyrex|Unnerve\n|turn|1\n|c|☆Bunny Normal|Good luck! Playing on **normal**.\n|\n|t:|1791659455\n|move|p2a: Scream Tail|Thunder Wave|p1a: Calyrex|[miss]\n|-miss|p2a: Scream Tail|p1a: Calyrex\n|move|p1a: Calyrex|High Horsepower|p2a: Scream Tail\n|-damage|p2a: Scream Tail|262/330\n|\n|-heal|p2a: Scream Tail|282/330|[from] item: Leftovers\n|upkeep\n|turn|2\n|\n|t:|1791659462\n|move|p2a: Scream Tail|Thunder Wave|p1a: Calyrex|[miss]\n|-miss|p2a: Scream Tail|p1a: Calyrex\n|move|p1a: Calyrex|Glacial Lance|p2a: Scream Tail\n|-crit|p2a: Scream Tail\n|-damage|p2a: Scream Tail|83/330\n|\n|-heal|p2a: Scream Tail|103/330|[from] item: Leftovers\n|upkeep\n|turn|3\n|\n|t:|1791659470\n|move|p2a: Scream Tail|Thunder Wave|p1a: Calyrex\n|-status|p1a: Calyrex|par\n|move|p1a: Calyrex|Glacial Lance|p2a: Scream Tail\n|-damage|p2a: Scream Tail|0 fnt\n|faint|p2a: Scream Tail\n|-end|p2a: Scream Tail|Protosynthesis|[silent]\n|-ability|p1a: Calyrex|Chilling Neigh|boost\n|-boost|p1a: Calyrex|atk|1\n|\n|upkeep\n|\n|t:|1791659492\n|switch|p2a: Charizard|Charizard, L85, M|271/271\n|turn|4\n|\n|t:|1791659501\n|move|p2a: Charizard|Flamethrower|p1a: Calyrex\n|-supereffective|p1a: Calyrex\n|-damage|p1a: Calyrex|87/263 par\n|cant|p1a: Calyrex|par\n|\n|upkeep\n|turn|5\n|\n|t:|1791659508\n|move|p2a: Charizard|Flamethrower|p1a: Calyrex\n|-supereffective|p1a: Calyrex\n|-damage|p1a: Calyrex|0 fnt\n|faint|p1a: Calyrex\n|\n|upkeep\n|\n|t:|1791659508\n|switch|p1a: Zekrom|Zekrom, L71|259/259\n|-ability|p1a: Zekrom|Teravolt\n|turn|6\n|\n|t:|1791659526\n|move|p2a: Charizard|Will-O-Wisp|p1a: Zekrom\n|-status|p1a: Zekrom|brn\n|move|p1a: Zekrom|Bolt Strike|p2a: Charizard\n|-supereffective|p2a: Charizard\n|-damage|p2a: Charizard|115/271\n|\n|-damage|p1a: Zekrom|243/259 brn|[from] brn\n|upkeep\n|turn|7\n|\n|t:|1791659537\n|move|p2a: Charizard|Earthquake|p1a: Zekrom\n|-supereffective|p1a: Zekrom\n|-damage|p1a: Zekrom|125/259 brn\n|move|p1a: Zekrom|Bolt Strike|p2a: Charizard\n|-supereffective|p2a: Charizard\n|-crit|p2a: Charizard\n|-damage|p2a: Charizard|0 fnt\n|faint|p2a: Charizard\n|\n|-heal|p1a: Zekrom|141/259 brn|[from] item: Leftovers\n|-damage|p1a: Zekrom|125/259 brn|[from] brn\n|upkeep\n|\n|t:|1791659560\n|switch|p2a: Lugia|Lugia, L73|275/275\n|turn|8\n|\n|t:|1791659573\n|move|p2a: Lugia|Earth Power|p1a: Zekrom\n|-supereffective|p1a: Zekrom\n|-damage|p1a: Zekrom|19/259 brn\n|move|p1a: Zekrom|Bolt Strike|p2a: Lugia\n|-supereffective|p2a: Lugia\n|-damage|p2a: Lugia|149/275\n|\n|-heal|p1a: Zekrom|35/259 brn|[from] item: Leftovers\n|-damage|p1a: Zekrom|19/259 brn|[from] brn\n|upkeep\n|turn|9\n|\n|t:|1791659589\n|move|p2a: Lugia|Earth Power|p1a: Zekrom\n|-supereffective|p1a: Zekrom\n|-damage|p1a: Zekrom|0 fnt\n|faint|p1a: Zekrom\n|\n|upkeep\n|\n|t:|1791659589\n|switch|p1a: Scrafty|Scrafty, L83, M|244/244\n|turn|10\n|\n|t:|1791659604\n|move|p2a: Lugia|Aeroblast|p1a: Scrafty\n|-supereffective|p1a: Scrafty\n|-crit|p1a: Scrafty\n|-damage|p1a: Scrafty|34/244\n|move|p1a: Scrafty|Carrion Feast|p2a: Lugia\n|-supereffective|p2a: Lugia\n|-damage|p2a: Lugia|9/275\n|-heal|p1a: Scrafty|104/244|[from] drain|[of] p2a: Lugia\n|\n|-heal|p1a: Scrafty|119/244|[from] item: Leftovers\n|upkeep\n|turn|11\n|\n|t:|1791659614\n|move|p2a: Lugia|Aeroblast|p1a: Scrafty\n|-supereffective|p1a: Scrafty\n|-damage|p1a: Scrafty|0 fnt\n|faint|p1a: Scrafty\n|\n|upkeep\n|\n|t:|1791659614\n|switch|p1a: Lanturn|Lanturn, L89, M|367/367\n|turn|12\n|\n|t:|1791659627\n|switch|p2a: Pincurchin|Pincurchin, M|258/258\n|-fieldstart|move: Electric Terrain|[from] ability: Electric Surge|[of] p2a: Pincurchin\n|move|p1a: Lanturn|Thunderbolt|p2a: Pincurchin\n|-resisted|p2a: Pincurchin\n|-damage|p2a: Pincurchin|207/258\n|\n|-heal|p2a: Pincurchin|223/258|[from] item: Leftovers\n|upkeep\n|turn|13\n|\n|t:|1791659646\n|move|p1a: Lanturn|Undertow|p2a: Pincurchin\n|-damage|p2a: Pincurchin|150/258\n|move|p2a: Pincurchin|Toxic Spikes|p1a: Lanturn\n|-sidestart|p1: Bunny Normal|move: Toxic Spikes\n|\n|-heal|p2a: Pincurchin|166/258|[from] item: Leftovers\n|upkeep\n|turn|14\n|\n|t:|1791659655\n|move|p1a: Lanturn|Ice Beam|p2a: Pincurchin\n|-damage|p2a: Pincurchin|118/258\n|move|p2a: Pincurchin|Toxic Spikes|p1a: Lanturn\n|-sidestart|p1: Bunny Normal|move: Toxic Spikes\n|\n|-heal|p2a: Pincurchin|134/258|[from] item: Leftovers\n|upkeep\n|turn|15\n|\n|t:|1791659667\n|move|p1a: Lanturn|Thunderbolt|p2a: Pincurchin\n|-resisted|p2a: Pincurchin\n|-damage|p2a: Pincurchin|89/258\n|move|p2a: Pincurchin|Recover|p2a: Pincurchin\n|-heal|p2a: Pincurchin|218/258\n|\n|-heal|p2a: Pincurchin|234/258|[from] item: Leftovers\n|upkeep\n|turn|16\n|\n|t:|1791659676\n|move|p1a: Lanturn|Undertow|p2a: Pincurchin\n|-damage|p2a: Pincurchin|161/258\n|move|p2a: Pincurchin|Toxic Spikes||[still]\n|-fail|p2a: Pincurchin\n|\n|-heal|p2a: Pincurchin|177/258|[from] item: Leftovers\n|-fieldend|move: Electric Terrain\n|upkeep\n|turn|17\n|\n|t:|1791659701\n|switch|p2a: Primarina|Primarina, L83, F|268/268\n|move|p1a: Lanturn|Ice Beam|p2a: Primarina\n|-resisted|p2a: Primarina\n|-damage|p2a: Primarina|245/268\n|\n|-heal|p2a: Primarina|261/268|[from] item: Leftovers\n|upkeep\n|turn|18\n|\n|t:|1791659719\n|-terastallize|p2a: Primarina|Poison\n|move|p1a: Lanturn|Thunderbolt|p2a: Primarina\n|-damage|p2a: Primarina|191/268\n|move|p2a: Primarina|Calm Mind|p2a: Primarina\n|-boost|p2a: Primarina|spa|1\n|-boost|p2a: Primarina|spd|1\n|\n|-heal|p2a: Primarina|207/268|[from] item: Leftovers\n|upkeep\n|turn|19\n|\n|t:|1791659731\n|move|p1a: Lanturn|Thunderbolt|p2a: Primarina\n|-damage|p2a: Primarina|155/268\n|move|p2a: Primarina|Calm Mind|p2a: Primarina\n|-boost|p2a: Primarina|spa|1\n|-boost|p2a: Primarina|spd|1\n|\n|-heal|p2a: Primarina|171/268|[from] item: Leftovers\n|upkeep\n|turn|20\n|\n|t:|1791659754\n|move|p1a: Lanturn|Thunderbolt|p2a: Primarina\n|-damage|p2a: Primarina|137/268\n|move|p2a: Primarina|Psychic|p1a: Lanturn\n|-damage|p1a: Lanturn|206/367\n|\n|-heal|p1a: Lanturn|228/367|[from] item: Leftovers\n|-heal|p2a: Primarina|153/268|[from] item: Leftovers\n|upkeep\n|turn|21\n|\n|t:|1791659764\n|switch|p1a: Alcremie|Alcremie-Lemon-Cream, L90, F|263/263\n|-status|p1a: Alcremie|tox\n|move|p2a: Primarina|Calm Mind|p2a: Primarina\n|-boost|p2a: Primarina|spa|1\n|-boost|p2a: Primarina|spd|1\n|\n|-heal|p2a: Primarina|169/268|[from] item: Leftovers\n|-damage|p1a: Alcremie|247/263 tox|[from] psn\n|upkeep\n|turn|22\n|\n|t:|1791659779\n|move|p1a: Alcremie|Psyshock|p2a: Primarina\n|-supereffective|p2a: Primarina\n|-damage|p2a: Primarina|13/268\n|move|p2a: Primarina|Sparkling Aria|p1a: Alcremie\n|-damage|p1a: Alcremie|0 fnt\n|faint|p1a: Alcremie\n|\n|-heal|p2a: Primarina|29/268|[from] item: Leftovers\n|upkeep\n|\n|t:|1791659779\n|switch|p1a: Lanturn|Lanturn, L89, M|228/367\n|-status|p1a: Lanturn|tox\n|turn|23\n|\n|t:|1791659800\n|move|p1a: Lanturn|Thunderbolt|p2a: Primarina\n|-damage|p2a: Primarina|0 fnt\n|faint|p2a: Primarina\n|\n|-heal|p1a: Lanturn|250/367 tox|[from] item: Leftovers\n|-damage|p1a: Lanturn|228/367 tox|[from] psn\n|upkeep\n|\n|t:|1791659815\n|switch|p2a: Glastrier|Glastrier, L86|312/312\n|turn|24\n|\n|t:|1791659829\n|move|p1a: Lanturn|Undertow|p2a: Glastrier\n|-damage|p2a: Glastrier|237/312\n|move|p2a: Glastrier|High Horsepower|p1a: Lanturn\n|-supereffective|p1a: Lanturn\n|-crit|p1a: Lanturn\n|-damage|p1a: Lanturn|0 fnt\n|faint|p1a: Lanturn\n|-ability|p2a: Glastrier|Chilling Neigh|boost\n|-boost|p2a: Glastrier|atk|1\n|\n|upkeep\n|\n|t:|1791659829\n|switch|p1a: Scream Tail|Scream Tail, L84|330/330\n|-status|p1a: Scream Tail|tox\n|turn|25\n|\n|t:|1791659851\n|move|p1a: Scream Tail|Protect|p1a: Scream Tail\n|-singleturn|p1a: Scream Tail|Protect\n|move|p2a: Glastrier|Icicle Crash|p1a: Scream Tail\n|-activate|p1a: Scream Tail|move: Protect\n|\n|-damage|p1a: Scream Tail|310/330 tox|[from] psn\n|upkeep\n|turn|26\n|\n|t:|1791659856\n|move|p1a: Scream Tail|Velvet Press|p2a: Glastrier\n|-crit|p2a: Glastrier\n|-damage|p2a: Glastrier|123/312\n|move|p2a: Glastrier|Swords Dance|p2a: Glastrier\n|-boost|p2a: Glastrier|atk|2\n|\n|-heal|p1a: Scream Tail|330/330 tox|[from] item: Leftovers\n|-damage|p1a: Scream Tail|290/330 tox|[from] psn\n|upkeep\n|turn|27\n|\n|t:|1791659867\n|move|p1a: Scream Tail|Velvet Press|p2a: Glastrier\n|-damage|p2a: Glastrier|50/312\n|move|p2a: Glastrier|Icicle Crash|p1a: Scream Tail\n|-damage|p1a: Scream Tail|2/330 tox\n|\n|-heal|p1a: Scream Tail|22/330 tox|[from] item: Leftovers\n|-damage|p1a: Scream Tail|0 fnt|[from] psn\n|faint|p1a: Scream Tail\n|-end|p1a: Scream Tail|Protosynthesis|[silent]\n|\n|win|TheRedRecord7\n",
	"inputlog": ">start {\"formatid\":\"gen9rprandombattle\",\"seed\":\"sodium,b7cbb197087f08932703492eed653b09\",\"rated\":\"Rated battle\"}\n>player p1 {\"name\":\"Bunny Normal\",\"avatar\":\"bunny.png\",\"rating\":1226,\"seed\":\"sodium,b4273a7f942a6c9054ebe213f18e917c\"}\n>player p2 {\"name\":\"TheRedRecord7\",\"avatar\":\"palmer\",\"rating\":1163,\"seed\":\"sodium,e960ebd77ef4bde5889b110bb38103dc\"}\n>chat ☆Bunny Normal|Good luck! Playing on **normal**.\n>p1 move highhorsepower\n>p2 move thunderwave\n>p1 move glaciallance\n>p2 move thunderwave\n>p1 move glaciallance\n>p2 move thunderwave\n>p2 switch 3\n>p1 move glaciallance\n>p2 move flamethrower\n>p1 move glaciallance\n>p2 move flamethrower\n>p1 switch 3\n>p1 move boltstrike\n>p2 move willowisp\n>p1 move boltstrike\n>p2 move earthquake\n>p2 switch 5\n>p1 move boltstrike\n>p2 move earthpower\n>p1 move boltstrike\n>p2 move earthpower\n>p1 switch 5\n>p1 move carrionfeast\n>p2 move aeroblast\n>p1 move carrionfeast\n>p2 move aeroblast\n>p1 switch 2\n>p1 move thunderbolt\n>p2 switch 2\n>p1 move undertow\n>p2 move toxicspikes\n>p1 move icebeam\n>p2 move toxicspikes\n>p1 move thunderbolt\n>p2 move recover\n>p1 move undertow\n>p2 move toxicspikes\n>p1 move icebeam\n>p2 switch 4\n>p1 move thunderbolt\n>p2 move calmmind terastallize\n>p1 move thunderbolt\n>p2 move calmmind\n>p1 move thunderbolt\n>p2 move psychic\n>p1 switch 6\n>p2 move calmmind\n>p1 move psyshock\n>p2 move sparklingaria\n>p1 switch 6\n>p1 move thunderbolt\n>p2 move velvetpress\n>p2 switch 6\n>p1 move undertow\n>p2 move highhorsepower\n>p1 switch 4\n>p1 move protect\n>p2 move iciclecrash\n>p1 move velvetpress\n>p2 move swordsdance\n>p1 move velvetpress\n>p2 move iciclecrash",
	"uploadtime": 1791659867
}