{
	"id": "gen9rpou-3-tm81yx",
	"format": "[Gen 9] RP OU",
	"players": [
		"Bunny Stockfish",
		"SlimeQueenSamantha"
	],
	"rating": null,
	"log": "|j|☆Bunny Stockfish\n|j|☆SlimeQueenSamantha\n|t:|1790847216\n|gametype|singles\n|badge|p1|bronze|gen9rpou|3-3\n|badge|p2|silver|gen9rpou|2-2\n|player|p1|Bunny Stockfish|bunny.png|1397\n|player|p2|SlimeQueenSamantha|queen.png|1476\n|gen|9\n|tier|[Gen 9] RP OU\n|rated|\n|rule|HP Percentage Mod: HP is shown in percentages\n|rule|Endless Battle Clause: Forcing endless battles is banned\n|rule|Species Clause: Limit one of each Pokémon\n|rule|OHKO Clause: OHKO moves are banned\n|rule|Evasion Clause: Evasion abilities, items, and moves are banned\n|rule|Evasion Abilities Clause: Evasion abilities are banned\n|rule|Evasion Items Clause: Evasion items are banned\n|rule|Evasion Moves Clause: Evasion moves are banned\n|rule|Sleep Clause Mod: Limit one foe put to sleep\n|clearpoke\n|poke|p1|Fezandipiti|\n|poke|p1|Torterra|\n|poke|p1|Clodsire|\n|poke|p1|Dondozo|\n|poke|p1|Blissey|\n|poke|p1|Spiritomb|\n|poke|p2|Dracozolt|\n|poke|p2|Excadrill|\n|poke|p2|Tyranitar|\n|poke|p2|Hippowdon|\n|poke|p2|Ferrothorn|\n|poke|p2|Dragapult|\n|teampreview\n|c|☆Bunny Stockfish|Good luck! Playing on **stockfish**.\n|\n|t:|1790847225\n|teamsize|p1|6\n|teamsize|p2|6\n|start\n|switch|p1a: Torterra|Torterra|100/100\n|switch|p2a: Dragapult|Dragapult|100/100\n|turn|1\n|\n|t:|1790847228\n|switch|p1a: Fezandipiti|Fezandipiti|100/100\n|move|p2a: Dragapult|U-turn|p1a: Fezandipiti\n|-resisted|p1a: Fezandipiti\n|-damage|p1a: Fezandipiti|96/100\n|\n|t:|1790847235\n|switch|p2a: Ferrothorn|Ferrothorn|100/100|[from] U-turn\n|\n|-heal|p1a: Fezandipiti|100/100|[from] item: Black Sludge\n|upkeep\n|turn|2\n|\n|t:|1790847239\n|move|p1a: Fezandipiti|Calm Mind|p1a: Fezandipiti\n|-boost|p1a: Fezandipiti|spa|1\n|-boost|p1a: Fezandipiti|spd|1\n|move|p2a: Ferrothorn|Spikes|p1a: Fezandipiti\n|-sidestart|p1: Bunny Stockfish|Spikes\n|\n|upkeep\n|turn|3\n|\n|t:|1790847241\n|move|p1a: Fezandipiti|Calm Mind|p1a: Fezandipiti\n|-boost|p1a: Fezandipiti|spa|1\n|-boost|p1a: Fezandipiti|spd|1\n|move|p2a: Ferrothorn|Gyro Ball|p1a: Fezandipiti\n|-supereffective|p1a: Fezandipiti\n|-damage|p1a: Fezandipiti|0 fnt\n|faint|p1a: Fezandipiti\n|\n|upkeep\n|\n|t:|1790847242\n|switch|p1a: Spiritomb|Spiritomb|100/100\n|-damage|p1a: Spiritomb|88/100|[from] Spikes\n|turn|4\n|\n|t:|1790847245\n|move|p1a: Spiritomb|Will-O-Wisp|p2a: Ferrothorn\n|-status|p2a: Ferrothorn|brn\n|move|p2a: Ferrothorn|Spikes|p1a: Spiritomb\n|-sidestart|p1: Bunny Stockfish|Spikes\n|\n|-heal|p1a: Spiritomb|94/100|[from] item: Leftovers\n|-damage|p2a: Ferrothorn|94/100 brn|[from] brn\n|upkeep\n|turn|5\n|\n|t:|1790847247\n|move|p1a: Spiritomb|Soul Toll|p2a: Ferrothorn\n|-damage|p2a: Ferrothorn|52/100 brn\n|move|p2a: Ferrothorn|Spikes|p1a: Spiritomb\n|-sidestart|p1: Bunny Stockfish|Spikes\n|\n|-heal|p1a: Spiritomb|100/100|[from] item: Leftovers\n|-heal|p2a: Ferrothorn|59/100 brn|[from] item: Leftovers\n|-damage|p2a: Ferrothorn|52/100 brn|[from] brn\n|upkeep\n|turn|6\n|\n|t:|1790847249\n|move|p1a: Spiritomb|Soul Toll|p2a: Ferrothorn\n|-damage|p2a: Ferrothorn|14/100 brn\n|move|p2a: Ferrothorn|Leech Seed|p1a: Spiritomb\n|-start|p1a: Spiritomb|move: Leech Seed\n|\n|-heal|p2a: Ferrothorn|20/100 brn|[from] item: Leftovers\n|-damage|p1a: Spiritomb|88/100|[from] Leech Seed|[of] p2a: Ferrothorn\n|-heal|p2a: Ferrothorn|33/100 brn|[silent]\n|-damage|p2a: Ferrothorn|27/100 brn|[from] brn\n|upkeep\n|turn|7\n|\n|t:|1790847254\n|switch|p2a: Hippowdon|Hippowdon|100/100\n|-weather|Sandstorm|[from] ability: Sand Stream|[of] p2a: Hippowdon\n|move|p1a: Spiritomb|Soul Toll|p2a: Hippowdon\n|-damage|p2a: Hippowdon|79/100\n|\n|-weather|Sandstorm|[upkeep]\n|-damage|p1a: Spiritomb|82/100|[from] Sandstorm\n|-heal|p2a: Hippowdon|85/100|[from] item: Leftovers\n|-heal|p1a: Spiritomb|88/100|[from] item: Leftovers\n|-damage|p1a: Spiritomb|76/100|[from] Leech Seed|[of] p2a: Hippowdon\n|-heal|p2a: Hippowdon|96/100|[silent]\n|upkeep\n|turn|8\n|\n|t:|1790847265\n|move|p2a: Hippowdon|Toxic|p1a: Spiritomb\n|-status|p1a: Spiritomb|tox\n|move|p1a: Spiritomb|Will-O-Wisp|p2a: Hippowdon\n|-status|p2a: Hippowdon|brn\n|\n|-weather|Sandstorm|[upkeep]\n|-damage|p1a: Spiritomb|70/100 tox|[from] Sandstorm\n|-heal|p2a: Hippowdon|100/100 brn|[from] item: Leftovers\n|-heal|p1a: Spiritomb|76/100 tox|[from] item: Leftovers\n|-damage|p1a: Spiritomb|64/100 tox|[from] Leech Seed|[of] p2a: Hippowdon\n|-damage|p1a: Spiritomb|57/100 tox|[from] psn\n|-damage|p2a: Hippowdon|94/100 brn|[from] brn\n|upkeep\n|turn|9\n|\n|t:|1790847270\n|move|p2a: Hippowdon|Earthquake|p1a: Spiritomb\n|-damage|p1a: Spiritomb|47/100 tox\n|move|p1a: Spiritomb|Strength Sap|p2a: Hippowdon\n|-unboost|p2a: Hippowdon|atk|1\n|-heal|p1a: Spiritomb|100/100 tox\n|\n|-weather|Sandstorm|[upkeep]\n|-damage|p1a: Spiritomb|94/100 tox|[from] Sandstorm\n|-heal|p2a: Hippowdon|100/100 brn|[from] item: Leftovers\n|-heal|p1a: Spiritomb|100/100 tox|[from] item: Leftovers\n|-damage|p1a: Spiritomb|88/100 tox|[from] Leech Seed|[of] p2a: Hippowdon\n|-damage|p1a: Spiritomb|76/100 tox|[from] psn\n|-damage|p2a: Hippowdon|94/100 brn|[from] brn\n|upkeep\n|turn|10\n|\n|t:|1790847275\n|move|p2a: Hippowdon|Slack Off|p2a: Hippowdon\n|-heal|p2a: Hippowdon|100/100 brn\n|move|p1a: Spiritomb|Soul Toll|p2a: Hippowdon\n|-damage|p2a: Hippowdon|57/100 brn\n|\n|-weather|Sandstorm|[upkeep]\n|-damage|p1a: Spiritomb|70/100 tox|[from] Sandstorm\n|-heal|p2a: Hippowdon|64/100 brn|[from] item: Leftovers\n|-heal|p1a: Spiritomb|76/100 tox|[from] item: Leftovers\n|-damage|p1a: Spiritomb|64/100 tox|[from] Leech Seed|[of] p2a: Hippowdon\n|-heal|p2a: Hippowdon|75/100 brn|[silent]\n|-damage|p1a: Spiritomb|45/100 tox|[from] psn\n|-damage|p2a: Hippowdon|68/100 brn|[from] brn\n|upkeep\n|turn|11\n|\n|t:|1790847278\n|move|p2a: Hippowdon|Slack Off|p2a: Hippowdon\n|-heal|p2a: Hippowdon|100/100 brn\n|move|p1a: Spiritomb|Strength Sap|p2a: Hippowdon\n|-unboost|p2a: Hippowdon|atk|1\n|-heal|p1a: Spiritomb|86/100 tox\n|\n|-weather|none\n|-heal|p1a: Spiritomb|92/100 tox|[from] item: Leftovers\n|-damage|p1a: Spiritomb|80/100 tox|[from] Leech Seed|[of] p2a: Hippowdon\n|-damage|p1a: Spiritomb|56/100 tox|[from] psn\n|-damage|p2a: Hippowdon|94/100 brn|[from] brn\n|upkeep\n|turn|12\n|\n|t:|1790847280\n|move|p2a: Hippowdon|Earthquake|p1a: Spiritomb\n|-damage|p1a: Spiritomb|50/100 tox\n|move|p1a: Spiritomb|Strength Sap|p2a: Hippowdon\n|-unboost|p2a: Hippowdon|atk|1\n|-heal|p1a: Spiritomb|81/100 tox\n|\n|-heal|p2a: Hippowdon|100/100 brn|[from] item: Leftovers\n|-heal|p1a: Spiritomb|87/100 tox|[from] item: Leftovers\n|-damage|p1a: Spiritomb|75/100 tox|[from] Leech Seed|[of] p2a: Hippowdon\n|-damage|p1a: Spiritomb|44/100 tox|[from] psn\n|-damage|p2a: Hippowdon|94/100 brn|[from] brn\n|upkeep\n|turn|13\n|\n|t:|1790847291\n|move|p2a: Hippowdon|Earthquake|p1a: Spiritomb\n|-damage|p1a: Spiritomb|40/100 tox\n|move|p1a: Spiritomb|Strength Sap|p2a: Hippowdon\n|-unboost|p2a: Hippowdon|atk|1\n|-heal|p1a: Spiritomb|65/100 tox\n|\n|-heal|p2a: Hippowdon|100/100 brn|[from] item: Leftovers\n|-heal|p1a: Spiritomb|71/100 tox|[from] item: Leftovers\n|-damage|p1a: Spiritomb|59/100 tox|[from] Leech Seed|[of] p2a: Hippowdon\n|-damage|p1a: Spiritomb|22/100 tox|[from] psn\n|-damage|p2a: Hippowdon|94/100 brn|[from] brn\n|upkeep\n|turn|14\n|\n|t:|1790847301\n|move|p2a: Hippowdon|Toxic|p1a: Spiritomb\n|-fail|p1a: Spiritomb|tox\n|move|p1a: Spiritomb|Strength Sap|p2a: Hippowdon\n|-unboost|p2a: Hippowdon|atk|1\n|-heal|p1a: Spiritomb|42/100 tox\n|\n|-heal|p2a: Hippowdon|100/100 brn|[from] item: Leftovers\n|-heal|p1a: Spiritomb|48/100 tox|[from] item: Leftovers\n|-damage|p1a: Spiritomb|36/100 tox|[from] Leech Seed|[of] p2a: Hippowdon\n|-damage|p1a: Spiritomb|0 fnt|[from] psn\n|faint|p1a: Spiritomb\n|-damage|p2a: Hippowdon|94/100 brn|[from] brn\n|upkeep\n|\n|t:|1790847301\n|switch|p1a: Torterra|Torterra|100/100\n|-damage|p1a: Torterra|76/100|[from] Spikes\n|turn|15\n|\n|t:|1790847304\n|move|p1a: Torterra|Elder Timber|p2a: Hippowdon\n|-supereffective|p2a: Hippowdon\n|-damage|p2a: Hippowdon|19/100 brn\n|move|p2a: Hippowdon|Toxic|p1a: Torterra\n|-status|p1a: Torterra|tox\n|\n|-heal|p2a: Hippowdon|25/100 brn|[from] item: Leftovers\n|-damage|p1a: Torterra|70/100 tox|[from] psn\n|-damage|p2a: Hippowdon|19/100 brn|[from] brn\n|upkeep\n|turn|16\n|\n|t:|1790847310\n|switch|p2a: Ferrothorn|Ferrothorn|27/100 brn\n|-start|p1a: Torterra|Dynamax|\n|-heal|p1a: Torterra|70/100 tox|[silent]\n|move|p1a: Torterra|Max Overgrowth|p2a: Ferrothorn\n|-resisted|p2a: Ferrothorn\n|-damage|p2a: Ferrothorn|16/100 brn\n|-fieldstart|move: Grassy Terrain\n|\n|-heal|p1a: Torterra|73/100 tox|[from] Grassy Terrain\n|-heal|p2a: Ferrothorn|22/100 brn|[from] Grassy Terrain\n|-heal|p2a: Ferrothorn|28/100 brn|[from] item: Leftovers\n|-damage|p1a: Torterra|66/100 tox|[from] psn\n|-damage|p2a: Ferrothorn|22/100 brn|[from] brn\n|upkeep\n|turn|17\n|\n|t:|1790847312\n|switch|p2a: Hippowdon|Hippowdon|19/100 brn\n|-weather|Sandstorm|[from] ability: Sand Stream|[of] p2a: Hippowdon\n|move|p1a: Torterra|Max Overgrowth|p2a: Hippowdon\n|-supereffective|p2a: Hippowdon\n|-damage|p2a: Hippowdon|0 fnt\n|faint|p2a: Hippowdon\n|\n|-weather|Sandstorm|[upkeep]\n|-heal|p1a: Torterra|70/100 tox|[from] Grassy Terrain\n|-damage|p1a: Torterra|60/100 tox|[from] psn\n|upkeep\n|\n|t:|1790847317\n|switch|p2a: Dragapult|Dragapult|100/100\n|turn|18\n|\n|t:|1790847321\n|-start|p2a: Dragapult|Dynamax|\n|-heal|p2a: Dragapult|100/100|[silent]\n|move|p2a: Dragapult|Max Flare|p1a: Torterra\n|-supereffective|p1a: Torterra\n|-damage|p1a: Torterra|35/100 tox\n|-weather|SunnyDay\n|move|p1a: Torterra|Max Overgrowth|p2a: Dragapult\n|-resisted|p2a: Dragapult\n|-damage|p2a: Dragapult|73/100\n|\n|-weather|SunnyDay|[upkeep]\n|-heal|p2a: Dragapult|76/100|[from] Grassy Terrain\n|-heal|p1a: Torterra|38/100 tox|[from] Grassy Terrain\n|-damage|p1a: Torterra|25/100 tox|[from] psn\n|upkeep\n|-end|p1a: Torterra|Dynamax\n|-heal|p1a: Torterra|25/100 tox|[silent]\n|turn|19\n|\n|t:|1790847331\n|switch|p1a: Clodsire|Clodsire|100/100\n|-damage|p1a: Clodsire|75/100|[from] Spikes\n|move|p2a: Dragapult|Max Wyrmwind|p1a: Clodsire\n|-damage|p1a: Clodsire|46/100\n|-unboost|p1a: Clodsire|atk|1\n|\n|-weather|SunnyDay|[upkeep]\n|-heal|p2a: Dragapult|79/100|[from] Grassy Terrain\n|-heal|p1a: Clodsire|52/100|[from] Grassy Terrain\n|-heal|p1a: Clodsire|58/100|[from] item: Black Sludge\n|upkeep\n|turn|20\n|\n|t:|1790847335\n|move|p2a: Dragapult|Max Wyrmwind|p1a: Clodsire\n|-damage|p1a: Clodsire|24/100\n|-unboost|p1a: Clodsire|atk|1\n|move|p1a: Clodsire|Recover|p1a: Clodsire\n|-heal|p1a: Clodsire|74/100\n|\n|-weather|SunnyDay|[upkeep]\n|-heal|p2a: Dragapult|82/100|[from] Grassy Terrain\n|-heal|p1a: Clodsire|81/100|[from] Grassy Terrain\n|-heal|p1a: Clodsire|87/100|[from] item: Black Sludge\n|-fieldend|move: Grassy Terrain\n|upkeep\n|-end|p2a: Dragapult|Dynamax\n|-heal|p2a: Dragapult|82/100|[silent]\n|turn|21\n|\n|t:|1790847342\n|switch|p2a: Tyranitar|Tyranitar|100/100\n|-weather|Sandstorm|[from] ability: Sand Stream|[of] p2a: Tyranitar\n|move|p1a: Clodsire|Spikes|p2a: Tyranitar\n|-sidestart|p2: SlimeQueenSamantha|Spikes\n|\n|-weather|Sandstorm|[upkeep]\n|-heal|p1a: Clodsire|93/100|[from] item: Black Sludge\n|upkeep\n|turn|22\n|\n|t:|1790847346\n|detailschange|p2a: Tyranitar|Tyranitar-Mega\n|-mega|p2a: Tyranitar|Tyranitar|Tyranitarite\n|move|p2a: Tyranitar|Pursuit|p1a: Clodsire\n|-damage|p1a: Clodsire|63/100\n|move|p1a: Clodsire|Toxic Spikes|p2a: Tyranitar\n|-sidestart|p2: SlimeQueenSamantha|move: Toxic Spikes\n|\n|-weather|Sandstorm|[upkeep]\n|-heal|p1a: Clodsire|69/100|[from] item: Black Sludge\n|upkeep\n|turn|23\n|\n|t:|1790847350\n|switch|p1a: Dondozo|Dondozo|100/100\n|-damage|p1a: Dondozo|75/100|[from] Spikes\n|move|p2a: Tyranitar|Ice Punch|p1a: Dondozo\n|-resisted|p1a: Dondozo\n|-damage|p1a: Dondozo|68/100\n|\n|-weather|Sandstorm|[upkeep]\n|-damage|p1a: Dondozo|61/100|[from] Sandstorm\n|-heal|p1a: Dondozo|68/100|[from] item: Leftovers\n|upkeep\n|turn|24\n|\n|t:|1790847353\n|move|p2a: Tyranitar|Knock Off|p1a: Dondozo\n|-damage|p1a: Dondozo|41/100\n|-enditem|p1a: Dondozo|Leftovers|[from] move: Knock Off|[of] p2a: Tyranitar\n|move|p1a: Dondozo|Slack Off|p1a: Dondozo\n|-heal|p1a: Dondozo|91/100\n|\n|-weather|Sandstorm|[upkeep]\n|-damage|p1a: Dondozo|85/100|[from] Sandstorm\n|upkeep\n|turn|25\n|\n|t:|1790847366\n|switch|p2a: Dracozolt|Dracozolt|100/100\n|-damage|p2a: Dracozolt|88/100|[from] Spikes\n|-status|p2a: Dracozolt|psn\n|move|p1a: Dondozo|Slack Off|p1a: Dondozo\n|-heal|p1a: Dondozo|100/100\n|\n|-weather|none\n|-damage|p2a: Dracozolt|76/100 psn|[from] psn\n|upkeep\n|turn|26\n|\n|t:|1790847368\n|move|p1a: Dondozo|Protect|p1a: Dondozo\n|-singleturn|p1a: Dondozo|Protect\n|move|p2a: Dracozolt|Bolt Beak|p1a: Dondozo\n|-activate|p1a: Dondozo|move: Protect\n|\n|-damage|p2a: Dracozolt|63/100 psn|[from] psn\n|upkeep\n|turn|27\n|\n|t:|1790847370\n|move|p2a: Dracozolt|Bolt Beak|p1a: Dondozo\n|-supereffective|p1a: Dondozo\n|-damage|p1a: Dondozo|8/100\n|-damage|p2a: Dracozolt|53/100 psn|[from] item: Life Orb\n|move|p1a: Dondozo|Body Slam|p2a: Dracozolt\n|-damage|p2a: Dracozolt|29/100 psn\n|\n|-damage|p2a: Dracozolt|16/100 psn|[from] psn\n|upkeep\n|turn|28\n|\n|t:|1790847373\n|move|p2a: Dracozolt|Bolt Beak|p1a: Dondozo\n|-supereffective|p1a: Dondozo\n|-damage|p1a: Dondozo|0 fnt\n|faint|p1a: Dondozo\n|-damage|p2a: Dracozolt|6/100 psn|[from] item: Life Orb\n|\n|-damage|p2a: Dracozolt|0 fnt|[from] psn\n|faint|p2a: Dracozolt\n|upkeep\n|\n|t:|1790847376\n|switch|p2a: Tyranitar|Tyranitar-Mega|100/100\n|switch|p1a: Blissey|Blissey|100/100\n|-damage|p2a: Tyranitar|88/100|[from] Spikes\n|-status|p2a: Tyranitar|psn\n|-weather|Sandstorm|[from] ability: Sand Stream|[of] p2a: Tyranitar\n|-damage|p1a: Blissey|76/100|[from] Spikes\n|turn|29\n|\n|t:|1790847379\n|move|p1a: Blissey|Protect|p1a: Blissey\n|-singleturn|p1a: Blissey|Protect\n|move|p2a: Tyranitar|Knock Off|p1a: Blissey\n|-activate|p1a: Blissey|move: Protect\n|\n|-weather|Sandstorm|[upkeep]\n|-damage|p1a: Blissey|69/100|[from] Sandstorm\n|-heal|p1a: Blissey|76/100|[from] item: Leftovers\n|-damage|p2a: Tyranitar|76/100 psn|[from] psn\n|upkeep\n|turn|30\n|\n|t:|1790847381\n|move|p2a: Tyranitar|Pursuit|p1a: Blissey\n|-crit|p1a: Blissey\n|-damage|p1a: Blissey|0 fnt\n|faint|p1a: Blissey\n|\n|-weather|Sandstorm|[upkeep]\n|-damage|p2a: Tyranitar|63/100 psn|[from] psn\n|upkeep\n|\n|t:|1790847381\n|switch|p1a: Clodsire|Clodsire|69/100\n|-damage|p1a: Clodsire|44/100|[from] Spikes\n|turn|31\n|\n|t:|1790847388\n|move|p2a: Tyranitar|Ice Punch|p1a: Clodsire\n|-supereffective|p1a: Clodsire\n|-damage|p1a: Clodsire|0 fnt\n|faint|p1a: Clodsire\n|\n|-weather|Sandstorm|[upkeep]\n|-damage|p2a: Tyranitar|51/100 psn|[from] psn\n|upkeep\n|\n|t:|1790847388\n|switch|p1a: Torterra|Torterra|25/100 tox\n|-damage|p1a: Torterra|0 fnt|[from] Spikes\n|faint|p1a: Torterra\n|\n|win|SlimeQueenSamantha\n|raw|Bunny Stockfish's rating: 1397 &rarr; <strong>1382</strong><br />(-15 for losing)\n|raw|SlimeQueenSamantha's rating: 1476 &rarr; <strong>1492</strong><br />(+16 for winning)\n|l|☆Bunny Stockfish\n|player|p1|\n",
	"inputlog": ">start {\"formatid\":\"gen9rpou\",\"seed\":\"sodium,276bdb88c979bb5044200b83a8614496\",\"rated\":\"Rated battle\"}\n>player p1 {\"name\":\"Bunny Stockfish\",\"avatar\":\"bunny.png\",\"team\":\"Fezandipiti||BlackSludge|ToxicChain|Roost,SludgeBomb,CalmMind,Toxic|Calm|252,,4,,252,|N|,0,,,,|||,,,,,Fairy]Torterra||RockyHelmet|WorldTurtle|TectonicShell,ElderTimber,RapidSpin,Roar|Impish|252,,252,,4,|N||||,,,,,Fire]Clodsire||BlackSludge|Unaware|Recover,PoisonJab,Spikes,ToxicSpikes|Careful|252,,4,,252,|N||||,,,,,Poison]Dondozo||Leftovers|Unaware|SlackOff,Liquidation,Protect,BodySlam|Impish|252,,252,,4,|N||||,,,,,Water]Blissey||Leftovers|Caretaker|SoftBoiled,SeismicToss,Toxic,Protect|Calm|252,,4,,252,|N||||,,,,,Normal]Spiritomb||Leftovers|KeystoneLegion|StrengthSap,SoulToll,WillOWisp,Toxic|Impish|252,,252,,4,|N||||,,,,,Water\",\"rating\":1397}\n>player p2 {\"name\":\"SlimeQueenSamantha\",\"avatar\":\"queen.png\",\"team\":\"Dracozolt||LifeOrb|SandRush|BoltBeak,DracoMeteor,Earthquake,FireBlast|Naughty|,148,,176,,184|N||||,,,,,Electric]Excadrill||SteeliumZ|SandRush|SwordsDance,Earthquake,IronHead,RockSlide|Jolly|,252,,,4,252|N||||,,,,,Ground]Tyranitar||Tyranitarite|SandStream|KnockOff,Pursuit,StoneEdge,IcePunch|Adamant|92,252,,,,164|N||||,,,,,Rock]Hippowdon||Leftovers|SandStream|Earthquake,SlackOff,StealthRock,Toxic|Careful|252,8,,,248,|N|,0,,,,|||,,,,,Ground]Ferrothorn||Leftovers|IronBarbs|Spikes,GyroBall,PowerWhip,LeechSeed|Relaxed|252,4,52,,200,|N|,,,,,0|||,,,,,Grass]Dragapult||ChoiceSpecs|Infiltrator|DracoMeteor,ShadowBall,Flamethrower,Uturn|Timid|,,,252,4,252|N|,0,,,,|||,,,,,Ghost\",\"rating\":1476}\n>chat ☆Bunny Stockfish|Good luck! Playing on **stockfish**.\n>p1 team 2, 1, 5, 4, 6, 3\n>p2 team 6, 2, 3, 4, 5, 1\n>p1 switch 2\n>p2 move uturn\n>p2 switch 5\n>p1 move calmmind\n>p2 move spikes\n>p1 move calmmind\n>p2 move gyroball\n>p1 switch 5\n>p1 move willowisp\n>p2 move spikes\n>p1 move soultoll\n>p2 move spikes\n>p1 move soultoll\n>p2 move leechseed\n>p1 move soultoll\n>p2 switch 4\n>p1 move willowisp\n>p2 move toxic\n>p1 move strengthsap\n>p2 move earthquake\n>p1 move soultoll\n>p2 move slackoff\n>p1 move strengthsap\n>p2 move slackoff\n>p1 move strengthsap\n>p2 move earthquake\n>p1 move strengthsap\n>p2 move earthquake\n>p1 move strengthsap\n>p2 move toxic\n>p1 switch 2\n>p1 move eldertimber\n>p2 move toxic\n>p1 move eldertimber dynamax\n>p2 switch 4\n>p1 move eldertimber dynamax\n>p2 switch 4\n>p2 switch 5\n>p1 move eldertimber dynamax\n>p2 move flamethrower dynamax\n>p1 switch 6\n>p2 move dracometeor dynamax\n>p1 move recover\n>p2 move dracometeor dynamax\n>p1 move spikes\n>p2 switch 3\n>p1 move toxicspikes\n>p2 move pursuit mega\n>p1 switch 4\n>p2 move icepunch\n>p1 move slackoff\n>p2 move knockoff\n>p1 move slackoff\n>p2 switch 6\n>p1 move protect\n>p2 move boltbeak\n>p1 move bodyslam\n>p2 move boltbeak\n>p1 move bodyslam\n>p2 move boltbeak\n>p1 switch 3\n>p2 switch 6\n>p1 move protect\n>p2 move knockoff\n>p1 move seismictoss\n>p2 move pursuit\n>p1 switch 4\n>p1 move spikes\n>p2 move icepunch\n>p1 switch 6",
	"uploadtime": 1790847398
}