{
	"id": "gen9rpou-2-tliv9s",
	"format": "[Gen 9] RP OU",
	"players": [
		"Bunny Stockfish",
		"SlimeQueenSamantha"
	],
	"rating": null,
	"log": "|j|☆Bunny Stockfish\n|j|☆SlimeQueenSamantha\n|t:|1789671561\n|gametype|singles\n|player|p1|Bunny Stockfish|bunny.png|1332\n|player|p2|SlimeQueenSamantha|queen.png|1618\n|gen|9\n|tier|[Gen 9] RP OU\n|rated|\n|rule|HP Percentage Mod: HP is shown in percentages\n|rule|Endless Battle Clause: Forcing endless battles is banned\n|rule|Species Clause: Limit one of each Pokémon\n|rule|OHKO Clause: OHKO moves are banned\n|rule|Evasion Clause: Evasion abilities, items, and moves are banned\n|rule|Evasion Abilities Clause: Evasion abilities are banned\n|rule|Evasion Items Clause: Evasion items are banned\n|rule|Evasion Moves Clause: Evasion moves are banned\n|rule|Sleep Clause Mod: Limit one foe put to sleep\n|clearpoke\n|poke|p1|Samurott-Hisui|\n|poke|p1|Rotom-Wash|\n|poke|p1|Volcanion|\n|poke|p1|Togekiss|\n|poke|p1|Swampert|\n|poke|p1|Dragapult|\n|poke|p2|Spiritomb|\n|poke|p2|Glaceon|\n|poke|p2|Garchomp|\n|poke|p2|Roserade|\n|poke|p2|Togekiss|\n|poke|p2|Lucario|\n|teampreview\n|c|☆Bunny Stockfish|Good luck! Playing on **stockfish**.\n|\n|t:|1789671591\n|teamsize|p1|6\n|teamsize|p2|6\n|start\n|switch|p1a: Volcanion|Volcanion|100/100\n|switch|p2a: Garchomp|Garchomp|100/100\n|turn|1\n|\n|t:|1789671593\n|switch|p1a: Togekiss|Togekiss|100/100\n|move|p2a: Garchomp|Earthquake|p1a: Togekiss\n|-immune|p1a: Togekiss\n|\n|upkeep\n|turn|2\n|\n|t:|1789671596\n|move|p2a: Garchomp|Stealth Rock|p1a: Togekiss\n|-sidestart|p1: Bunny Stockfish|move: Stealth Rock\n|move|p1a: Togekiss|Nasty Plot|p1a: Togekiss\n|-boost|p1a: Togekiss|spa|2\n|\n|upkeep\n|turn|3\n|\n|t:|1789671604\n|switch|p2a: Roserade|Roserade|100/100\n|-ability|p2a: Roserade|Masquerade\n|-start|p1a: Togekiss|move: Taunt\n|-start|p1a: Togekiss|Dynamax|\n|-heal|p1a: Togekiss|100/100|[silent]\n|move|p1a: Togekiss|Max Starfall|p2a: Roserade\n|-resisted|p2a: Roserade\n|-damage|p2a: Roserade|22/100\n|-fieldstart|move: Misty Terrain\n|\n|upkeep\n|turn|4\n|\n|t:|1789671615\n|-start|p2a: Roserade|Dynamax|\n|-heal|p2a: Roserade|22/100|[silent]\n|move|p2a: Roserade|Max Ooze|p1a: Togekiss\n|-supereffective|p1a: Togekiss\n|-damage|p1a: Togekiss|64/100\n|-boost|p2a: Roserade|spa|1\n|move|p1a: Togekiss|Max Airstream|p2a: Roserade\n|-supereffective|p2a: Roserade\n|-damage|p2a: Roserade|0 fnt\n|-boost|p1a: Togekiss|spe|1\n|faint|p2a: Roserade\n|\n|upkeep\n|\n|t:|1789671640\n|switch|p2a: Glaceon|Glaceon|100/100\n|-weather|Snowscape|[from] ability: Diamond Dust|[of] p2a: Glaceon\n|turn|5\n|\n|t:|1789671643\n|-terastallize|p2a: Glaceon|Ice\n|move|p2a: Glaceon|Blizzard|p1a: Togekiss\n|-supereffective|p1a: Togekiss\n|-damage|p1a: Togekiss|0 fnt\n|faint|p1a: Togekiss\n|-damage|p2a: Glaceon|91/100|[from] item: Life Orb\n|\n|-weather|Snowscape|[upkeep]\n|upkeep\n|\n|t:|1789671644\n|switch|p1a: Volcanion|Volcanion|100/100\n|turn|6\n|\n|t:|1789671651\n|-terastallize|p1a: Volcanion|Fire\n|move|p2a: Glaceon|Freeze-Dry|p1a: Volcanion\n|-resisted|p1a: Volcanion\n|-damage|p1a: Volcanion|67/100\n|-damage|p2a: Glaceon|81/100|[from] item: Life Orb\n|move|p1a: Volcanion|Flamethrower|p2a: Glaceon\n|-supereffective|p2a: Glaceon\n|-damage|p2a: Glaceon|0 fnt\n|faint|p2a: Glaceon\n|\n|-weather|Snowscape|[upkeep]\n|upkeep\n|\n|t:|1789671654\n|switch|p2a: Garchomp|Garchomp|100/100\n|turn|7\n|\n|t:|1789671656\n|move|p2a: Garchomp|Earthquake|p1a: Volcanion\n|-supereffective|p1a: Volcanion\n|-damage|p1a: Volcanion|0 fnt\n|faint|p1a: Volcanion\n|\n|-weather|Snowscape|[upkeep]\n|-fieldend|Misty Terrain\n|upkeep\n|\n|t:|1789671656\n|switch|p1a: Dragapult|Dragapult|100/100\n|-damage|p1a: Dragapult|88/100|[from] Stealth Rock\n|turn|8\n|\n|t:|1789671661\n|move|p1a: Dragapult|Draco Meteor|p2a: Garchomp\n|-supereffective|p2a: Garchomp\n|-damage|p2a: Garchomp|0 fnt\n|-unboost|p1a: Dragapult|spa|2\n|faint|p2a: Garchomp\n|\n|-weather|Snowscape|[upkeep]\n|upkeep\n|\n|t:|1789671663\n|switch|p2a: Togekiss|Togekiss|100/100\n|turn|9\n|\n|t:|1789671665\n|switch|p1a: Rotom|Rotom-Wash|100/100\n|-damage|p1a: Rotom|88/100|[from] Stealth Rock\n|move|p2a: Togekiss|Alluring Voice|p1a: Rotom\n|-damage|p1a: Rotom|48/100\n|\n|-weather|none\n|upkeep\n|turn|10\n|\n|t:|1789671667\n|switch|p1a: Swampert|Swampert|100/100\n|-damage|p1a: Swampert|94/100|[from] Stealth Rock\n|move|p2a: Togekiss|Alluring Voice|p1a: Swampert\n|-damage|p1a: Swampert|69/100\n|\n|-heal|p1a: Swampert|75/100|[from] item: Leftovers\n|upkeep\n|turn|11\n|\n|t:|1789671670\n|switch|p2a: Spiritomb|Spiritomb|100/100\n|move|p1a: Swampert|Stealth Rock|p2a: Spiritomb\n|-sidestart|p2: SlimeQueenSamantha|move: Stealth Rock\n|\n|-heal|p1a: Swampert|81/100|[from] item: Leftovers\n|upkeep\n|turn|12\n|\n|t:|1789671672\n|move|p1a: Swampert|Earthquake|p2a: Spiritomb\n|-damage|p2a: Spiritomb|73/100\n|move|p2a: Spiritomb|Will-O-Wisp|p1a: Swampert\n|-status|p1a: Swampert|brn\n|\n|-heal|p1a: Swampert|87/100 brn|[from] item: Leftovers\n|-heal|p2a: Spiritomb|79/100|[from] item: Leftovers\n|-damage|p1a: Swampert|81/100 brn|[from] brn\n|upkeep\n|turn|13\n|\n|t:|1789671675\n|move|p1a: Swampert|Earthquake|p2a: Spiritomb\n|-damage|p2a: Spiritomb|64/100\n|move|p2a: Spiritomb|Strength Sap|p1a: Swampert\n|-unboost|p1a: Swampert|atk|1\n|-heal|p2a: Spiritomb|100/100\n|\n|-heal|p1a: Swampert|87/100 brn|[from] item: Leftovers\n|-damage|p1a: Swampert|81/100 brn|[from] brn\n|upkeep\n|turn|14\n|\n|t:|1789671676\n|move|p1a: Swampert|Earthquake|p2a: Spiritomb\n|-damage|p2a: Spiritomb|91/100\n|move|p2a: Spiritomb|Soul Toll|p1a: Swampert\n|-damage|p1a: Swampert|43/100 brn\n|\n|-heal|p1a: Swampert|49/100 brn|[from] item: Leftovers\n|-heal|p2a: Spiritomb|97/100|[from] item: Leftovers\n|-damage|p1a: Swampert|43/100 brn|[from] brn\n|upkeep\n|turn|15\n|\n|t:|1789671679\n|switch|p1a: Samurott|Samurott-Hisui|100/100\n|-damage|p1a: Samurott|88/100|[from] Stealth Rock\n|move|p2a: Spiritomb|Soul Toll|p1a: Samurott\n|-resisted|p1a: Samurott\n|-damage|p1a: Samurott|67/100\n|\n|-heal|p2a: Spiritomb|100/100|[from] item: Leftovers\n|upkeep\n|turn|16\n|\n|t:|1789671682\n|move|p1a: Samurott|Flip Turn|p2a: Spiritomb\n|-damage|p2a: Spiritomb|69/100\n|-damage|p1a: Samurott|57/100|[from] item: Life Orb\n|\n|t:|1789671682\n|switch|p1a: Rotom|Rotom-Wash|48/100|[from] Flip Turn\n|-damage|p1a: Rotom|35/100|[from] Stealth Rock\n|move|p2a: Spiritomb|Will-O-Wisp|p1a: Rotom\n|-status|p1a: Rotom|brn\n|\n|-heal|p2a: Spiritomb|75/100|[from] item: Leftovers\n|-damage|p1a: Rotom|29/100 brn|[from] brn\n|upkeep\n|turn|17\n|\n|t:|1789671688\n|move|p1a: Rotom|Hydro Pump|p2a: Spiritomb\n|-damage|p2a: Spiritomb|53/100\n|move|p2a: Spiritomb|Strength Sap|p1a: Rotom\n|-unboost|p1a: Rotom|atk|1\n|-heal|p2a: Spiritomb|92/100\n|\n|-heal|p2a: Spiritomb|99/100|[from] item: Leftovers\n|-damage|p1a: Rotom|23/100 brn|[from] brn\n|upkeep\n|turn|18\n|\n|t:|1789671691\n|move|p1a: Rotom|Hydro Pump|p2a: Spiritomb\n|-damage|p2a: Spiritomb|73/100\n|move|p2a: Spiritomb|Soul Toll|p1a: Rotom\n|-damage|p1a: Rotom|0 fnt\n|faint|p1a: Rotom\n|\n|-heal|p2a: Spiritomb|80/100|[from] item: Leftovers\n|upkeep\n|\n|t:|1789671691\n|switch|p1a: Samurott|Samurott-Hisui|57/100\n|-damage|p1a: Samurott|45/100|[from] Stealth Rock\n|turn|19\n|\n|t:|1789671693\n|move|p1a: Samurott|Flip Turn|p2a: Spiritomb\n|-damage|p2a: Spiritomb|49/100\n|-damage|p1a: Samurott|35/100|[from] item: Life Orb\n|\n|t:|1789671693\n|switch|p1a: Dragapult|Dragapult|88/100|[from] Flip Turn\n|-damage|p1a: Dragapult|76/100|[from] Stealth Rock\n|move|p2a: Spiritomb|Will-O-Wisp|p1a: Dragapult\n|-status|p1a: Dragapult|brn\n|\n|-heal|p2a: Spiritomb|56/100|[from] item: Leftovers\n|-damage|p1a: Dragapult|70/100 brn|[from] brn\n|upkeep\n|turn|20\n|\n|t:|1789671702\n|move|p1a: Dragapult|Draco Meteor|p2a: Spiritomb\n|-damage|p2a: Spiritomb|5/100\n|-unboost|p1a: Dragapult|spa|2\n|move|p2a: Spiritomb|Strength Sap|p1a: Dragapult\n|-unboost|p1a: Dragapult|atk|1\n|-heal|p2a: Spiritomb|71/100\n|\n|-heal|p2a: Spiritomb|77/100|[from] item: Leftovers\n|-damage|p1a: Dragapult|64/100 brn|[from] brn\n|upkeep\n|turn|21\n|\n|t:|1789671705\n|move|p1a: Dragapult|Draco Meteor|p2a: Spiritomb\n|-damage|p2a: Spiritomb|52/100\n|-unboost|p1a: Dragapult|spa|2\n|move|p2a: Spiritomb|Soul Toll|p1a: Dragapult\n|-supereffective|p1a: Dragapult\n|-damage|p1a: Dragapult|0 fnt\n|faint|p1a: Dragapult\n|\n|-heal|p2a: Spiritomb|58/100|[from] item: Leftovers\n|upkeep\n|\n|t:|1789671705\n|switch|p1a: Swampert|Swampert|43/100 brn\n|-damage|p1a: Swampert|37/100 brn|[from] Stealth Rock\n|turn|22\n|\n|t:|1789671707\n|move|p1a: Swampert|Earthquake|p2a: Spiritomb\n|-damage|p2a: Spiritomb|43/100\n|move|p2a: Spiritomb|Strength Sap|p1a: Swampert\n|-unboost|p1a: Swampert|atk|1\n|-heal|p2a: Spiritomb|100/100\n|\n|-heal|p1a: Swampert|43/100 brn|[from] item: Leftovers\n|-damage|p1a: Swampert|37/100 brn|[from] brn\n|upkeep\n|turn|23\n|\n|t:|1789671709\n|move|p1a: Swampert|Earthquake|p2a: Spiritomb\n|-damage|p2a: Spiritomb|91/100\n|move|p2a: Spiritomb|Soul Toll|p1a: Swampert\n|-damage|p1a: Swampert|0 fnt\n|faint|p1a: Swampert\n|\n|-heal|p2a: Spiritomb|97/100|[from] item: Leftovers\n|upkeep\n|\n|t:|1789671709\n|switch|p1a: Samurott|Samurott-Hisui|35/100\n|-damage|p1a: Samurott|22/100|[from] Stealth Rock\n|turn|24\n|\n|t:|1789671712\n|move|p1a: Samurott|Flip Turn|p2a: Spiritomb\n|-damage|p2a: Spiritomb|67/100\n|-damage|p1a: Samurott|12/100|[from] item: Life Orb\n|move|p2a: Spiritomb|Will-O-Wisp|p1a: Samurott\n|-status|p1a: Samurott|brn\n|\n|-heal|p2a: Spiritomb|73/100|[from] item: Leftovers\n|-damage|p1a: Samurott|6/100 brn|[from] brn\n|upkeep\n|turn|25\n|\n|t:|1789671714\n|move|p1a: Samurott|Flip Turn|p2a: Spiritomb\n|-damage|p2a: Spiritomb|58/100\n|-damage|p1a: Samurott|0 fnt|[from] item: Life Orb\n|faint|p1a: Samurott\n|\n|win|SlimeQueenSamantha\n",
	"inputlog": ">start {\"formatid\":\"gen9rpou\",\"seed\":\"sodium,09404a40b769365637b014af89332f2a\",\"rated\":\"Rated battle\"}\n>player p1 {\"name\":\"Bunny Stockfish\",\"avatar\":\"bunny.png\",\"team\":\"Samurott|SamurottHisui|LifeOrb|Sharpness|SuckerPunch,FlipTurn,SacredSword,SwordsDance|Jolly|,252,,,4,252|N||||,,,,,Dark]Rotom|RotomWash|RockyHelmet|Levitate|VoltSwitch,HydroPump,PainSplit,WillOWisp|Bold|252,,212,,,44|N||||,,,,,Steel]Volcanion||HeavyDutyBoots|WaterAbsorb|SteamEruption,Flamethrower,EarthPower,SludgeBomb|Modest|252,,,252,4,|N||||,,,,,Fire]Togekiss||HeavyDutyBoots|SereneGrace|AirSlash,NastyPlot,AlluringVoice,AuraSphere|Modest|252,,,252,4,|N||||,,,,,Fairy]Swampert||Leftovers|Damp|Earthquake,StealthRock,Roar,FlipTurn|Careful|252,,4,,252,|N||||,,,,,Poison]Dragapult||ChoiceSpecs|Infiltrator|DracoMeteor,ShadowBall,Flamethrower,Uturn|Timid|,,,252,4,252|N||||,,,,,Dragon\",\"rating\":1332}\n>player p2 {\"name\":\"SlimeQueenSamantha\",\"avatar\":\"queen.png\",\"team\":\"Spiritomb||Leftovers|KeystoneLegion|SoulToll,StrengthSap,PartingShot,WillOWisp|Calm|252,,4,,252,|N||||,,,,,Fairy]Glaceon||LifeOrb|DiamondDust|Blizzard,FreezeDry,AuroraVeil,EarthPower|Modest|,,4,252,,252|N|,0,,,,|||,,,,,Ice]Garchomp||RockyHelmet|RoughSkin|Earthquake,DragonTail,StealthRock,Spikes|Impish|252,,216,,,40|N||||,,,,,Ghost]Roserade||HeavyDutyBoots|Masquerade|ThornedBouquet,Oxidize,NastyPlot,MortalSpin|Timid|,,,252,4,252|N||||,,,,,Water]Togekiss||ChoiceScarf|SereneGrace|AirSlash,Uturn,AlluringVoice,Flamethrower|Timid|,,,252,4,252|N||||,,,,,Flying]Lucario||LucarioniteZ|Steadfast|NastyPlot,AuraSphere,FlashCannon,HiddenPowerIce|Timid|,,,252,,252|N|,0,,,,|||,Ice,,,,Ghost\",\"rating\":1618}\n>chat ☆Bunny Stockfish|Good luck! Playing on **stockfish**.\n>p1 team 3, 6, 1, 4, 2, 5\n>p2 team 3, 2, 1, 4, 5, 6\n>p1 switch 4\n>p2 move earthquake\n>p1 move nastyplot\n>p2 move stealthrock\n>p1 move alluringvoice dynamax\n>p2 switch 4\n>p1 move airslash dynamax\n>p2 move oxidize dynamax\n>p2 switch 2\n>p1 move alluringvoice dynamax\n>p2 move blizzard terastallize\n>p1 switch 4\n>p1 move flamethrower terastallize\n>p2 move freezedry\n>p2 switch 4\n>p1 move steameruption\n>p2 move earthquake\n>p1 switch 2\n>p1 move dracometeor\n>p2 move spikes\n>p2 switch 5\n>p1 switch 5\n>p2 move alluringvoice\n>p1 switch 6\n>p2 move alluringvoice\n>p1 move stealthrock\n>p2 switch 3\n>p1 move earthquake\n>p2 move willowisp\n>p1 move earthquake\n>p2 move strengthsap\n>p1 move earthquake\n>p2 move soultoll\n>p1 switch 3\n>p2 move soultoll\n>p1 move flipturn\n>p2 move willowisp\n>p1 switch 6\n>p1 move hydropump\n>p2 move strengthsap\n>p1 move hydropump\n>p2 move soultoll\n>p1 switch 6\n>p1 move flipturn\n>p2 move willowisp\n>p1 switch 5\n>p1 move dracometeor\n>p2 move strengthsap\n>p1 move dracometeor\n>p2 move soultoll\n>p1 switch 3\n>p1 move earthquake\n>p2 move strengthsap\n>p1 move earthquake\n>p2 move soultoll\n>p1 switch 5\n>p1 move flipturn\n>p2 move willowisp\n>p1 move flipturn\n>p2 move soultoll",
	"uploadtime": 1789671714
}