{
	"id": "gen9rpou-1-tlhjsv",
	"format": "[Gen 9] RP OU",
	"players": [
		"Bunny Stockfish",
		"SlimeQueenSamantha"
	],
	"rating": null,
	"log": "|j|☆Bunny Stockfish\n|j|☆SlimeQueenSamantha\n|t:|1789610094\n|gametype|singles\n|player|p1|Bunny Stockfish|bunny.png|1332\n|player|p2|SlimeQueenSamantha|queen.png|1294\n|gen|9\n|tier|[Gen 9] RP OU\n|rated|\n|rule|HP Percentage Mod: HP is shown in percentages\n|rule|Endless Battle Clause: Forcing endless battles is banned\n|rule|Species Clause: Limit one of each Pokémon\n|rule|OHKO Clause: OHKO moves are banned\n|rule|Evasion Clause: Evasion abilities, items, and moves are banned\n|rule|Evasion Abilities Clause: Evasion abilities are banned\n|rule|Evasion Items Clause: Evasion items are banned\n|rule|Evasion Moves Clause: Evasion moves are banned\n|rule|Sleep Clause Mod: Limit one foe put to sleep\n|clearpoke\n|poke|p1|Ogerpon|\n|poke|p1|Araquanid|\n|poke|p1|Iron Treads|\n|poke|p1|Glimmora|\n|poke|p1|Ting-Lu|\n|poke|p1|Kyurem|\n|poke|p2|Spiritomb|\n|poke|p2|Glaceon|\n|poke|p2|Garchomp|\n|poke|p2|Roserade|\n|poke|p2|Togekiss|\n|poke|p2|Lucario|\n|teampreview\n|c|☆Bunny Stockfish|Good luck! Playing on **stockfish**.\n|\n|t:|1789610107\n|teamsize|p1|6\n|teamsize|p2|6\n|start\n|switch|p1a: Ogerpon|Ogerpon|100/100\n|switch|p2a: Togekiss|Togekiss|100/100\n|turn|1\n|\n|t:|1789610110\n|switch|p1a: Glimmora|Glimmora|100/100\n|move|p2a: Togekiss|Air Slash|p1a: Glimmora\n|-resisted|p1a: Glimmora\n|-damage|p1a: Glimmora|78/100\n|\n|upkeep\n|turn|2\n|\n|t:|1789610114\n|switch|p2a: Garchomp|Garchomp|100/100\n|-start|p1a: Glimmora|Dynamax|\n|-heal|p1a: Glimmora|78/100|[silent]\n|move|p1a: Glimmora|Max Rockfall|p2a: Garchomp\n|-resisted|p2a: Garchomp\n|-damage|p2a: Garchomp|66/100\n|-weather|Sandstorm\n|\n|-weather|Sandstorm|[upkeep]\n|upkeep\n|turn|3\n|\n|t:|1789610121\n|-end|p1a: Glimmora|Dynamax\n|-heal|p1a: Glimmora|78/100|[silent]\n|switch|p1a: Iron Treads|Iron Treads|100/100\n|-item|p1a: Iron Treads|Air Balloon\n|move|p2a: Garchomp|Dragon Tail|p1a: Iron Treads\n|-resisted|p1a: Iron Treads\n|-damage|p1a: Iron Treads|90/100\n|-enditem|p1a: Iron Treads|Air Balloon\n|-end|p1a: Iron Treads|Quark Drive|[silent]\n|drag|p1a: Ting-Lu|Ting-Lu|100/100\n|-ability|p1a: Ting-Lu|Vessel of Ruin\n|\n|-weather|Sandstorm|[upkeep]\n|upkeep\n|turn|4\n|\n|t:|1789610132\n|move|p2a: Garchomp|Spikes|p1a: Ting-Lu\n|-sidestart|p1: Bunny Stockfish|Spikes\n|move|p1a: Ting-Lu|Earthquake|p2a: Garchomp\n|-damage|p2a: Garchomp|43/100\n|\n|-weather|Sandstorm|[upkeep]\n|upkeep\n|turn|5\n|\n|t:|1789610136\n|move|p2a: Garchomp|Stealth Rock|p1a: Ting-Lu\n|-sidestart|p1: Bunny Stockfish|move: Stealth Rock\n|move|p1a: Ting-Lu|Earthquake|p2a: Garchomp\n|-damage|p2a: Garchomp|20/100\n|\n|-weather|Sandstorm|[upkeep]\n|upkeep\n|turn|6\n|\n|t:|1789610139\n|move|p2a: Garchomp|Spikes|p1a: Ting-Lu\n|-sidestart|p1: Bunny Stockfish|Spikes\n|move|p1a: Ting-Lu|Earthquake|p2a: Garchomp\n|-damage|p2a: Garchomp|0 fnt\n|faint|p2a: Garchomp\n|\n|-weather|none\n|upkeep\n|\n|t:|1789610142\n|switch|p2a: Roserade|Roserade|100/100\n|-ability|p2a: Roserade|Masquerade\n|-start|p1a: Ting-Lu|move: Taunt\n|turn|7\n|\n|t:|1789610144\n|-terastallize|p1a: Ting-Lu|Poison\n|move|p2a: Roserade|Nasty Plot|p2a: Roserade\n|-boost|p2a: Roserade|spa|2\n|move|p1a: Ting-Lu|Earthquake|p2a: Roserade\n|-damage|p2a: Roserade|38/100\n|\n|upkeep\n|turn|8\n|\n|t:|1789610195\n|move|p2a: Roserade|Thorned Bouquet|p1a: Ting-Lu\n|-resisted|p1a: Ting-Lu\n|-damage|p1a: Ting-Lu|81/100\n|-heal|p2a: Roserade|55/100|[from] drain|[of] p1a: Ting-Lu\n|move|p1a: Ting-Lu|Earthquake|p2a: Roserade\n|-damage|p2a: Roserade|0 fnt\n|faint|p2a: Roserade\n|\n|-heal|p1a: Ting-Lu|88/100|[from] item: Leftovers\n|upkeep\n|\n|t:|1789610207\n|switch|p2a: Glaceon|Glaceon|100/100\n|-weather|Snowscape|[from] ability: Diamond Dust|[of] p2a: Glaceon\n|turn|9\n|\n|t:|1789610215\n|move|p2a: Glaceon|Aurora Veil|p2a: Glaceon\n|-sidestart|p2: SlimeQueenSamantha|move: Aurora Veil\n|move|p1a: Ting-Lu|Earthquake|p2a: Glaceon\n|-damage|p2a: Glaceon|86/100\n|\n|-weather|Snowscape|[upkeep]\n|-heal|p1a: Ting-Lu|94/100|[from] item: Leftovers\n|upkeep\n|turn|10\n|\n|t:|1789610218\n|move|p2a: Glaceon|Earth Power|p1a: Ting-Lu\n|-supereffective|p1a: Ting-Lu\n|-damage|p1a: Ting-Lu|58/100\n|-damage|p2a: Glaceon|76/100|[from] item: Life Orb\n|move|p1a: Ting-Lu|Earthquake|p2a: Glaceon\n|-damage|p2a: Glaceon|63/100\n|\n|-weather|Snowscape|[upkeep]\n|-heal|p1a: Ting-Lu|64/100|[from] item: Leftovers\n|-end|p1a: Ting-Lu|move: Taunt\n|upkeep\n|turn|11\n|\n|t:|1789610221\n|move|p2a: Glaceon|Earth Power|p1a: Ting-Lu\n|-supereffective|p1a: Ting-Lu\n|-damage|p1a: Ting-Lu|25/100\n|-damage|p2a: Glaceon|53/100|[from] item: Life Orb\n|move|p1a: Ting-Lu|Earthquake|p2a: Glaceon\n|-damage|p2a: Glaceon|40/100\n|\n|-weather|Snowscape|[upkeep]\n|-heal|p1a: Ting-Lu|31/100|[from] item: Leftovers\n|upkeep\n|turn|12\n|\n|t:|1789610224\n|switch|p1a: Araquanid|Araquanid|100/100\n|-damage|p1a: Araquanid|84/100|[from] Spikes\n|-damage|p1a: Araquanid|59/100|[from] Stealth Rock\n|move|p2a: Glaceon|Blizzard|p1a: Araquanid\n|-resisted|p1a: Araquanid\n|-damage|p1a: Araquanid|27/100\n|-damage|p2a: Glaceon|30/100|[from] item: Life Orb\n|\n|-weather|Snowscape|[upkeep]\n|upkeep\n|turn|13\n|\n|t:|1789610229\n|move|p2a: Glaceon|Blizzard|p1a: Araquanid\n|-resisted|p1a: Araquanid\n|-damage|p1a: Araquanid|0 fnt\n|faint|p1a: Araquanid\n|-damage|p2a: Glaceon|20/100|[from] item: Life Orb\n|\n|-weather|none\n|-sideend|p2: SlimeQueenSamantha|move: Aurora Veil\n|upkeep\n|\n|t:|1789610229\n|switch|p1a: Glimmora|Glimmora|78/100\n|-damage|p1a: Glimmora|61/100|[from] Spikes\n|-damage|p1a: Glimmora|49/100|[from] Stealth Rock\n|turn|14\n|\n|t:|1789610235\n|switch|p2a: Lucario|Lucario|100/100\n|move|p1a: Glimmora|Meteor Beam||[still]\n|-prepare|p1a: Glimmora|Meteor Beam\n|-boost|p1a: Glimmora|spa|1\n|-enditem|p1a: Glimmora|Power Herb\n|-anim|p1a: Glimmora|Meteor Beam|p2a: Lucario\n|-resisted|p2a: Lucario\n|-damage|p2a: Lucario|60/100\n|\n|upkeep\n|turn|15\n|\n|t:|1789610239\n|detailschange|p2a: Lucario|Lucario-Mega-Z\n|-mega|p2a: Lucario|Lucario|Lucarionite Z\n|move|p2a: Lucario|Aura Sphere|p1a: Glimmora\n|-damage|p1a: Glimmora|0 fnt\n|faint|p1a: Glimmora\n|\n|upkeep\n|\n|t:|1789610240\n|switch|p1a: Iron Treads|Iron Treads|90/100\n|-damage|p1a: Iron Treads|74/100|[from] Spikes\n|-damage|p1a: Iron Treads|71/100|[from] Stealth Rock\n|turn|16\n|\n|t:|1789610243\n|move|p2a: Lucario|Aura Sphere|p1a: Iron Treads\n|-supereffective|p1a: Iron Treads\n|-damage|p1a: Iron Treads|0 fnt\n|faint|p1a: Iron Treads\n|-end|p1a: Iron Treads|Quark Drive|[silent]\n|\n|upkeep\n|\n|t:|1789610243\n|switch|p1a: Kyurem|Kyurem|100/100\n|-damage|p1a: Kyurem|84/100|[from] Spikes\n|-damage|p1a: Kyurem|59/100|[from] Stealth Rock\n|-ability|p1a: Kyurem|Pressure\n|turn|17\n|\n|t:|1789610245\n|move|p2a: Lucario|Aura Sphere|p1a: Kyurem\n|-supereffective|p1a: Kyurem\n|-damage|p1a: Kyurem|0 fnt\n|faint|p1a: Kyurem\n|\n|upkeep\n|\n|t:|1789610245\n|switch|p1a: Ting-Lu|Ting-Lu, tera:Poison|31/100\n|-damage|p1a: Ting-Lu|15/100|[from] Spikes\n|-damage|p1a: Ting-Lu|2/100|[from] Stealth Rock\n|-ability|p1a: Ting-Lu|Vessel of Ruin\n|turn|18\n|\n|t:|1789610248\n|move|p2a: Lucario|Aura Sphere|p1a: Ting-Lu\n|-resisted|p1a: Ting-Lu\n|-damage|p1a: Ting-Lu|0 fnt\n|faint|p1a: Ting-Lu\n|\n|upkeep\n|\n|t:|1789610248\n|switch|p1a: Ogerpon|Ogerpon|100/100\n|turn|19\n|\n|t:|1789610252\n|move|p2a: Lucario|Aura Sphere|p1a: Ogerpon\n|-damage|p1a: Ogerpon|42/100\n|move|p1a: Ogerpon|Ivy Cudgel|p2a: Lucario\n|-resisted|p2a: Lucario\n|-damage|p2a: Lucario|23/100\n|\n|upkeep\n|turn|20\n|\n|t:|1789610254\n|move|p2a: Lucario|Aura Sphere|p1a: Ogerpon\n|-damage|p1a: Ogerpon|0 fnt\n|faint|p1a: Ogerpon\n|\n|win|SlimeQueenSamantha\n",
	"inputlog": ">start {\"formatid\":\"gen9rpou\",\"seed\":\"sodium,b30c062a8d3d09aec791945396fc70ee\",\"rated\":\"Rated battle\"}\n>player p1 {\"name\":\"Bunny Stockfish\",\"avatar\":\"bunny.png\",\"team\":\"Ogerpon||HeavyDutyBoots|Defiant|IvyCudgel,KnockOff,Uturn,Encore|Jolly|,252,4,,,252|N||||,,,,,Grass]Araquanid||CustapBerry|WaterBubble|StickyWeb,Surf,Endeavor,Endure|Quiet|252,,40,216,,|N||||,,,,,Ghost]Iron Treads||AirBalloon|QuarkDrive|StealthRock,Earthquake,IceSpinner,RapidSpin|Jolly|248,,,,252,8|N||||,,,,,Ghost]Glimmora||PowerHerb|ToxicDebris|MeteorBeam,EarthPower,MortalSpin,Spikes|Timid|,,,252,4,252|N||||,,,,,Ghost]Ting-Lu||Leftovers|VesselofRuin|Rest,Earthquake,Payback,StealthRock|Careful|252,,4,,252,|N||||,,,,,Poison]Kyurem||AssaultVest|Pressure|IceBeam,FreezeDry,EarthPower,DragonTail|Modest|,,252,160,,96|N||||,,,,,Poison\",\"rating\":1332}\n>player p2 {\"name\":\"SlimeQueenSamantha\",\"avatar\":\"queen.png\",\"team\":\"Spiritomb||Leftovers|KeystoneLegion|SoulToll,StrengthSap,PartingShot,WillOWisp|Calm|252,,4,,252,|N||||,,,,,Ghost]Glaceon||LifeOrb|DiamondDust|Blizzard,FreezeDry,AuroraVeil,EarthPower|Modest|,,4,252,,252|N|,0,,,,|||,,,,,Ice]Garchomp||RockyHelmet|RoughSkin|Earthquake,DragonTail,StealthRock,Spikes|Impish|252,,216,,,40|N||||,,,,,Ghost]Roserade||HeavyDutyBoots|Masquerade|ThornedBouquet,Oxidize,NastyPlot,MortalSpin|Timid|,,,252,4,252|N||||,,,,,Grass]Togekiss||ChoiceScarf|SereneGrace|AirSlash,Uturn,AlluringVoice,Flamethrower|Timid|,,,252,4,252|N||||,,,,,Fairy]Lucario||LucarioniteZ|Steadfast|NastyPlot,AuraSphere,HiddenPowerIce,DarkPulse|Timid|,,,252,,252|N|,0,,,,|||,Ice,,,,Fighting\",\"rating\":1294}\n>chat ☆Bunny Stockfish|Good luck! Playing on **stockfish**.\n>p1 team 1, 4, 3, 6, 5, 2\n>p2 team 5, 2, 3, 4, 1, 6\n>p1 switch 2\n>p2 move airslash\n>p1 move meteorbeam dynamax\n>p2 switch 3\n>p1 switch 3\n>p2 move dragontail\n>p1 move earthquake\n>p2 move spikes\n>p1 move earthquake\n>p2 move stealthrock\n>p1 move earthquake\n>p2 move spikes\n>p2 switch 4\n>p1 move earthquake terastallize\n>p2 move nastyplot\n>p1 move earthquake\n>p2 move thornedbouquet\n>p2 switch 2\n>p1 move earthquake\n>p2 move auroraveil\n>p1 move earthquake\n>p2 move earthpower\n>p1 move earthquake\n>p2 move earthpower\n>p1 switch 6\n>p2 move blizzard\n>p1 move surf\n>p2 move blizzard\n>p1 switch 3\n>p1 move meteorbeam\n>p2 switch 6\n>p1 move earthpower\n>p2 move aurasphere mega\n>p1 switch 5\n>p1 move earthquake\n>p2 move aurasphere\n>p1 switch 4\n>p1 move earthpower\n>p2 move aurasphere\n>p1 switch 6\n>p1 move earthquake\n>p2 move aurasphere\n>p1 switch 2\n>p1 move ivycudgel\n>p2 move aurasphere\n>p1 move ivycudgel\n>p2 move aurasphere",
	"uploadtime": 1789610254
}