{
	"id": "gen9rpou-5-tlqix6",
	"format": "[Gen 9] RP OU",
	"players": [
		"Bunny Stockfish",
		"SlimeQueenSamantha"
	],
	"rating": null,
	"log": "|j|☆Bunny Stockfish\n|j|☆SlimeQueenSamantha\n|t:|1790029304\n|gametype|singles\n|badge|p1|silver|gen9rpou|2-2\n|badge|p2|bronze|gen9rpou|3-3\n|player|p1|Bunny Stockfish|bunny.png|1422\n|player|p2|SlimeQueenSamantha|queen.png|1380\n|gen|9\n|tier|[Gen 9] RP OU\n|rated|\n|rule|HP Percentage Mod: HP is shown in percentages\n|rule|Endless Battle Clause: Forcing endless battles is banned\n|rule|Species Clause: Limit one of each Pokémon\n|rule|OHKO Clause: OHKO moves are banned\n|rule|Evasion Clause: Evasion abilities, items, and moves are banned\n|rule|Evasion Abilities Clause: Evasion abilities are banned\n|rule|Evasion Items Clause: Evasion items are banned\n|rule|Evasion Moves Clause: Evasion moves are banned\n|rule|Sleep Clause Mod: Limit one foe put to sleep\n|clearpoke\n|poke|p1|Glaceon|\n|poke|p1|Corviknight|\n|poke|p1|Pecharunt|\n|poke|p1|Clefable|\n|poke|p1|Hydrapple|\n|poke|p1|Spiritomb|\n|poke|p2|Banette, F|\n|poke|p2|Ursaluna-Bloodmoon, M|\n|poke|p2|Magearna|\n|poke|p2|Hatterene, F|\n|poke|p2|Kingambit|\n|poke|p2|Stakataka|\n|teampreview\n|c|☆Bunny Stockfish|Good luck! Playing on **stockfish**.\n|\n|t:|1790029320\n|teamsize|p1|6\n|teamsize|p2|6\n|start\n|switch|p1a: Glaceon|Glaceon|100/100\n|switch|p2a: Hatterene|Hatterene, F|100/100\n|-weather|Snowscape|[from] ability: Diamond Dust|[of] p1a: Glaceon\n|turn|1\n|\n|t:|1790029324\n|-terastallize|p1a: Glaceon|Ice\n|move|p1a: Glaceon|Blizzard|p2a: Hatterene\n|-enditem|p2a: Hatterene|Focus Sash\n|-damage|p2a: Hatterene|1/100\n|-damage|p1a: Glaceon|91/100|[from] item: Life Orb\n|move|p2a: Hatterene|Trick Room|p2a: Hatterene\n|-fieldstart|move: Trick Room|[of] p2a: Hatterene\n|\n|-weather|Snowscape|[upkeep]\n|upkeep\n|turn|2\n|\n|t:|1790029330\n|move|p2a: Hatterene|Dazzling Gleam|p1a: Glaceon\n|-damage|p1a: Glaceon|25/100\n|move|p1a: Glaceon|Blizzard|p2a: Hatterene\n|-damage|p2a: Hatterene|0 fnt\n|faint|p2a: Hatterene\n|-damage|p1a: Glaceon|15/100|[from] item: Life Orb\n|\n|-weather|Snowscape|[upkeep]\n|upkeep\n|\n|t:|1790029336\n|switch|p2a: Banette|Banette, F, shiny|100/100\n|-item|p1a: Glaceon|Life Orb|[from] ability: Frisk|[of] p2a: Banette\n|turn|3\n|\n|t:|1790029338\n|detailschange|p2a: Banette|Banette-Mega-Halloween, F, shiny\n|-mega|p2a: Banette|Banette|Banettite-Halloween\n|-ability|p2a: Banette|Witching Hour\n|-message|The Witching Hour has struck! Banette's tricks can't be stopped, not even by Dark types!\n|-message|Banette's Poltergeist became Witch's Snatch!\n|move|p2a: Banette|Witch's Snatch|p1a: Glaceon\n|-damage|p1a: Glaceon|0 fnt\n|-enditem|p1a: Glaceon|Life Orb|[from] move: Witch's Snatch|[of] p2a: Banette\n|faint|p1a: Glaceon\n|\n|-weather|Snowscape|[upkeep]\n|upkeep\n|\n|t:|1790029339\n|switch|p1a: Clefable|Clefable|100/100\n|turn|4\n|\n|t:|1790029348\n|-start|p1a: Clefable|Dynamax|\n|-heal|p1a: Clefable|100/100|[silent]\n|move|p1a: Clefable|Max Starfall|p2a: Banette\n|-supereffective|p2a: Banette\n|-damage|p2a: Banette|0 fnt\n|-fieldstart|move: Misty Terrain\n|faint|p2a: Banette\n|detailschange|p2: Banette|Banette, F, shiny|[silent]\n|\n|-weather|Snowscape|[upkeep]\n|upkeep\n|\n|t:|1790029357\n|switch|p2a: Magearna|Magearna|100/100\n|turn|5\n|\n|t:|1790029359\n|move|p2a: Magearna|Flash Cannon|p1a: Clefable\n|-supereffective|p1a: Clefable\n|-damage|p1a: Clefable|61/100\n|move|p1a: Clefable|Max Starfall|p2a: Magearna\n|-resisted|p2a: Magearna\n|-damage|p2a: Magearna|84/100\n|\n|-weather|none\n|-heal|p2a: Magearna|90/100|[from] item: Leftovers\n|-fieldend|move: Trick Room\n|upkeep\n|turn|6\n|\n|t:|1790029362\n|move|p1a: Clefable|Max Starfall|p2a: Magearna\n|-resisted|p2a: Magearna\n|-damage|p2a: Magearna|71/100\n|move|p2a: Magearna|Flash Cannon|p1a: Clefable\n|-supereffective|p1a: Clefable\n|-damage|p1a: Clefable|19/100\n|\n|-heal|p2a: Magearna|77/100|[from] item: Leftovers\n|upkeep\n|-end|p1a: Clefable|Dynamax\n|-heal|p1a: Clefable|19/100|[silent]\n|turn|7\n|\n|t:|1790029365\n|switch|p1a: Corviknight|Corviknight|100/100\n|-ability|p1a: Corviknight|Pressure\n|move|p2a: Magearna|Flash Cannon|p1a: Corviknight\n|-resisted|p1a: Corviknight\n|-damage|p1a: Corviknight|76/100\n|\n|-heal|p2a: Magearna|83/100|[from] item: Leftovers\n|upkeep\n|turn|8\n|\n|t:|1790029367\n|move|p1a: Corviknight|Brave Bird|p2a: Magearna\n|-resisted|p2a: Magearna\n|-damage|p2a: Magearna|68/100\n|-damage|p1a: Corviknight|72/100|[from] Recoil\n|move|p2a: Magearna|Volt Switch|p1a: Corviknight\n|-supereffective|p1a: Corviknight\n|-damage|p1a: Corviknight|19/100\n|\n|t:|1790029371\n|switch|p2a: Stakataka|Stakataka|100/100|[from] Volt Switch\n|\n|-fieldend|Misty Terrain\n|upkeep\n|turn|9\n|\n|t:|1790029374\n|switch|p1a: Pecharunt|Pecharunt|100/100\n|-item|p1a: Pecharunt|Air Balloon\n|move|p2a: Stakataka|Trick Room|p2a: Stakataka\n|-fieldstart|move: Trick Room|[of] p2a: Stakataka\n|\n|upkeep\n|turn|10\n|\n|t:|1790029378\n|move|p2a: Stakataka|Gyro Ball|p1a: Pecharunt\n|-damage|p1a: Pecharunt|45/100\n|-enditem|p1a: Pecharunt|Air Balloon\n|-damage|p2a: Stakataka|91/100|[from] item: Life Orb\n|move|p1a: Pecharunt|Foul Play|p2a: Stakataka\n|-damage|p2a: Stakataka|67/100\n|\n|upkeep\n|turn|11\n|\n|t:|1790029380\n|move|p2a: Stakataka|Gyro Ball|p1a: Pecharunt\n|-damage|p1a: Pecharunt|0 fnt\n|faint|p1a: Pecharunt\n|-ability|p2a: Stakataka|Beast Boost|boost\n|-boost|p2a: Stakataka|atk|1\n|-damage|p2a: Stakataka|58/100|[from] item: Life Orb\n|\n|upkeep\n|\n|t:|1790029380\n|switch|p1a: Hydrapple|Hydrapple|100/100\n|turn|12\n|\n|t:|1790029382\n|move|p2a: Stakataka|Gyro Ball|p1a: Hydrapple\n|-damage|p1a: Hydrapple|36/100\n|-damage|p2a: Stakataka|41/100|[from] item: Rocky Helmet|[of] p1a: Hydrapple\n|-damage|p2a: Stakataka|31/100|[from] item: Life Orb\n|move|p1a: Hydrapple|Earth Power|p2a: Stakataka\n|-supereffective|p2a: Stakataka\n|-damage|p2a: Stakataka|0 fnt\n|faint|p2a: Stakataka\n|\n|upkeep\n|\n|t:|1790029386\n|switch|p2a: Magearna|Magearna|68/100\n|turn|13\n|\n|t:|1790029388\n|move|p1a: Hydrapple|Earth Power|p2a: Magearna\n|-supereffective|p2a: Magearna\n|-damage|p2a: Magearna|30/100\n|move|p2a: Magearna|Fleur Cannon|p1a: Hydrapple\n|-supereffective|p1a: Hydrapple\n|-damage|p1a: Hydrapple|0 fnt\n|-unboost|p2a: Magearna|spa|2\n|faint|p1a: Hydrapple\n|-ability|p2a: Magearna|Soul-Heart|boost\n|-boost|p2a: Magearna|spa|1\n|\n|-heal|p2a: Magearna|36/100|[from] item: Leftovers\n|-fieldend|move: Trick Room\n|upkeep\n|\n|t:|1790029388\n|switch|p1a: Spiritomb|Spiritomb|100/100\n|turn|14\n|\n|t:|1790029391\n|move|p1a: Spiritomb|Soul Toll|p2a: Magearna\n|-damage|p2a: Magearna|13/100\n|move|p2a: Magearna|Trick Room|p2a: Magearna\n|-fieldstart|move: Trick Room|[of] p2a: Magearna\n|\n|-heal|p2a: Magearna|19/100|[from] item: Leftovers\n|upkeep\n|turn|15\n|\n|t:|1790029393\n|move|p1a: Spiritomb|Soul Toll|p2a: Magearna\n|-damage|p2a: Magearna|0 fnt\n|faint|p2a: Magearna\n|\n|upkeep\n|\n|t:|1790029397\n|switch|p2a: Ursaluna|Ursaluna-Bloodmoon, M|100/100\n|turn|16\n|\n|t:|1790029398\n|move|p1a: Spiritomb|Will-O-Wisp|p2a: Ursaluna|[miss]\n|-miss|p1a: Spiritomb|p2a: Ursaluna\n|move|p2a: Ursaluna|Blood Moon|p1a: Spiritomb\n|-damage|p1a: Spiritomb|49/100\n|\n|-heal|p1a: Spiritomb|55/100|[from] item: Leftovers\n|upkeep\n|turn|17\n|\n|t:|1790029402\n|move|p1a: Spiritomb|Carrion Feast|p2a: Ursaluna\n|-damage|p2a: Ursaluna|87/100\n|-heal|p1a: Spiritomb|63/100|[from] drain|[of] p2a: Ursaluna\n|move|p2a: Ursaluna|Calm Mind|p2a: Ursaluna\n|-boost|p2a: Ursaluna|spa|1\n|-boost|p2a: Ursaluna|spd|1\n|\n|-heal|p1a: Spiritomb|69/100|[from] item: Leftovers\n|-heal|p2a: Ursaluna|93/100|[from] item: Leftovers\n|upkeep\n|turn|18\n|\n|t:|1790029404\n|move|p1a: Spiritomb|Carrion Feast|p2a: Ursaluna\n|-damage|p2a: Ursaluna|78/100\n|-heal|p1a: Spiritomb|78/100|[from] drain|[of] p2a: Ursaluna\n|move|p2a: Ursaluna|Hyper Voice|p1a: Spiritomb\n|-damage|p1a: Spiritomb|34/100\n|\n|-heal|p1a: Spiritomb|40/100|[from] item: Leftovers\n|-heal|p2a: Ursaluna|84/100|[from] item: Leftovers\n|-fieldend|move: Trick Room\n|upkeep\n|turn|19\n|\n|t:|1790029406\n|move|p2a: Ursaluna|Hyper Voice|p1a: Spiritomb\n|-ability|p1a: Spiritomb|Keystone Legion\n|-message|The spirits of the keystone shield Spiritomb!\n|-start|p2a: Ursaluna|Curse|[of] p1a: Spiritomb\n|-damage|p1a: Spiritomb|1/100\n|move|p1a: Spiritomb|Carrion Feast|p2a: Ursaluna\n|-damage|p2a: Ursaluna|71/100\n|-heal|p1a: Spiritomb|8/100|[from] drain|[of] p2a: Ursaluna\n|\n|-heal|p2a: Ursaluna|77/100|[from] item: Leftovers\n|-heal|p1a: Spiritomb|14/100|[from] item: Leftovers\n|-damage|p2a: Ursaluna|52/100|[from] Curse\n|upkeep\n|turn|20\n|\n|t:|1790029409\n|move|p2a: Ursaluna|Blood Moon|p1a: Spiritomb\n|-damage|p1a: Spiritomb|0 fnt\n|faint|p1a: Spiritomb\n|\n|-heal|p2a: Ursaluna|58/100|[from] item: Leftovers\n|-damage|p2a: Ursaluna|33/100|[from] Curse\n|upkeep\n|\n|t:|1790029409\n|switch|p1a: Corviknight|Corviknight|19/100\n|-ability|p1a: Corviknight|Pressure\n|turn|21\n|\n|t:|1790029413\n|move|p1a: Corviknight|Brave Bird|p2a: Ursaluna\n|-damage|p2a: Ursaluna|8/100\n|-damage|p1a: Corviknight|10/100|[from] Recoil\n|move|p2a: Ursaluna|Hyper Voice|p1a: Corviknight\n|-resisted|p1a: Corviknight\n|-damage|p1a: Corviknight|0 fnt\n|faint|p1a: Corviknight\n|\n|-heal|p2a: Ursaluna|14/100|[from] item: Leftovers\n|-damage|p2a: Ursaluna|0 fnt|[from] Curse\n|faint|p2a: Ursaluna\n|upkeep\n|\n|t:|1790029416\n|switch|p1a: Clefable|Clefable|19/100\n|switch|p2a: Kingambit|Kingambit|100/100\n|-activate|p2a: Kingambit|ability: Supreme Overlord\n|-start|p2a: Kingambit|fallen5|[silent]\n|turn|22\n|\n|t:|1790029417\n|move|p1a: Clefable|Moonblast|p2a: Kingambit\n|-damage|p2a: Kingambit|71/100\n|move|p2a: Kingambit|Iron Head|p1a: Clefable\n|-supereffective|p1a: Clefable\n|-damage|p1a: Clefable|0 fnt\n|faint|p1a: Clefable\n|\n|win|SlimeQueenSamantha\n",
	"inputlog": ">start {\"formatid\":\"gen9rpou\",\"seed\":\"sodium,3ff337c20372d73943d0772e96cc6a84\",\"rated\":\"Rated battle\"}\n>player p1 {\"name\":\"Bunny Stockfish\",\"avatar\":\"bunny.png\",\"team\":\"Glaceon||LifeOrb|DiamondDust|Blizzard,EarthPower,SparkScamper,FreezeDry|Timid|,,,252,4,252|N||||,,,,,Ice]Corviknight||RockyHelmet|Pressure|BraveBird,IronDefense,Uturn,Roost|Impish|248,,252,,8,|N||||,,,G,,Dragon]Pecharunt||AirBalloon|PoisonPuppeteer|PartingShot,Recover,MalignantChain,FoulPlay|Bold|252,,228,,,28|N|,0,,,,|||,,,,,Ghost]Clefable||StickyBarb|MagicGuard|CalmMind,Moonblast,Moonlight,KnockOff|Bold|252,,252,,4,|N|,0,,,,|||,,,,,Water]Hydrapple||RockyHelmet|Regenerator|SolarNectar,FickleBeam,GigaDrain,EarthPower|Bold|248,,248,,,12|N|,0,,,,|||,,,,,Poison]Spiritomb||Leftovers|KeystoneLegion|SoulToll,StrengthSap,WillOWisp,CarrionFeast|Calm|252,,4,,252,|N||||,,,,,Fairy\",\"rating\":1422}\n>player p2 {\"name\":\"SlimeQueenSamantha\",\"avatar\":\"queen.png\",\"team\":\"Banette||BanettiteHalloween|Frisk|Poltergeist,ShadowSneak,DestinyBond,TwilightExit|Adamant|4,252,,,,252|F||S||,,,,,Ghost]Ursaluna|UrsalunaBloodmoon|Leftovers|MindsEye|CalmMind,BloodMoon,HyperVoice,EarthPower|Modest|252,,4,252,,|M||||,,,,,Normal]Magearna||Leftovers|SoulHeart|TrickRoom,VoltSwitch,FleurCannon,FlashCannon|Quiet|252,,,252,4,|N|,0,,,,|||,,,,,Steel]Hatterene||FocusSash|MagicBounce|TrickRoom,PsychicNoise,DazzlingGleam,HealingWish|Quiet|252,,4,252,,|F|,0,,,,0|||,,,,,Water]Kingambit||Leftovers|SupremeOverlord|KnockOff,SuckerPunch,IronHead,SwordsDance|Adamant|252,252,,,4,|N||||,,,,,Dark]Stakataka||LifeOrb|BeastBoost|TrickRoom,GyroBall,StoneEdge,Earthquake|Lonely|252,252,,,4,|N|,,15,,,0|||,,,,,Rock\",\"rating\":1380}\n>chat ☆Bunny Stockfish|Good luck! Playing on **stockfish**.\n>p1 team 1, 3, 2, 4, 5, 6\n>p2 team 4, 2, 3, 1, 5, 6\n>p1 move blizzard terastallize\n>p2 move trickroom\n>p1 move blizzard\n>p2 move dazzlinggleam\n>p2 switch 4\n>p1 move blizzard\n>p2 move poltergeist mega\n>p1 switch 4\n>p1 move moonblast dynamax\n>p2 move witchssnatch\n>p2 switch 3\n>p1 move moonblast dynamax\n>p2 move flashcannon\n>p1 move moonblast dynamax\n>p2 move flashcannon\n>p1 switch 3\n>p2 move flashcannon\n>p1 move bravebird\n>p2 move voltswitch\n>p2 switch 6\n>p1 switch 2\n>p2 move trickroom\n>p1 move foulplay\n>p2 move gyroball\n>p1 move foulplay\n>p2 move gyroball\n>p1 switch 5\n>p1 move earthpower\n>p2 move gyroball\n>p2 switch 6\n>p1 move earthpower\n>p2 move fleurcannon\n>p1 switch 6\n>p1 move soultoll\n>p2 move trickroom\n>p1 move soultoll\n>p2 move fleurcannon\n>p2 switch 2\n>p1 move willowisp\n>p2 move bloodmoon\n>p1 move carrionfeast\n>p2 move calmmind\n>p1 move carrionfeast\n>p2 move hypervoice\n>p1 move carrionfeast\n>p2 move hypervoice\n>p1 move carrionfeast\n>p2 move bloodmoon\n>p1 switch 2\n>p1 move bravebird\n>p2 move hypervoice\n>p1 switch 3\n>p2 switch 5\n>p1 move moonblast\n>p2 move ironhead",
	"uploadtime": 1790029417
}