{
	"id": "gen9rpou-8-tlj07m",
	"format": "[Gen 9] RP OU",
	"players": [
		"Bunny Stockfish",
		"SlimeQueenSamantha"
	],
	"rating": null,
	"log": "|j|☆Bunny Stockfish\n|j|☆SlimeQueenSamantha\n|t:|1789678566\n|gametype|singles\n|badge|p1|silver|gen9rpou|2-2\n|badge|p2|gold|gen9rpou|1-1\n|player|p1|Bunny Stockfish|bunny.png|1409\n|player|p2|SlimeQueenSamantha|queen.png|1525\n|gen|9\n|tier|[Gen 9] RP OU\n|rated|\n|rule|HP Percentage Mod: HP is shown in percentages\n|rule|Endless Battle Clause: Forcing endless battles is banned\n|rule|Species Clause: Limit one of each Pokémon\n|rule|OHKO Clause: OHKO moves are banned\n|rule|Evasion Clause: Evasion abilities, items, and moves are banned\n|rule|Evasion Abilities Clause: Evasion abilities are banned\n|rule|Evasion Items Clause: Evasion items are banned\n|rule|Evasion Moves Clause: Evasion moves are banned\n|rule|Sleep Clause Mod: Limit one foe put to sleep\n|clearpoke\n|poke|p1|Spiritomb|\n|poke|p1|Clefable|\n|poke|p1|Blissey|\n|poke|p1|Glaceon|\n|poke|p1|Moltres|\n|poke|p1|Roserade|\n|poke|p2|Regieleki|\n|poke|p2|Magearna|\n|poke|p2|Dragonite|\n|poke|p2|Glaceon|\n|poke|p2|Diancie|\n|poke|p2|Garchomp|\n|teampreview\n|c|☆Bunny Stockfish|Good luck! Playing on **stockfish**.\n|\n|t:|1789678569\n|teamsize|p1|6\n|teamsize|p2|6\n|start\n|switch|p1a: Glaceon|Glaceon|100/100\n|switch|p2a: Diancie|Diancie|100/100\n|-weather|Snowscape|[from] ability: Diamond Dust|[of] p1a: Glaceon\n|turn|1\n|\n|t:|1789678575\n|-start|p1a: Glaceon|Dynamax|\n|-heal|p1a: Glaceon|100/100|[silent]\n|move|p1a: Glaceon|Max Quake|p2a: Diancie\n|-supereffective|p2a: Diancie\n|-damage|p2a: Diancie|0 fnt\n|-boost|p1a: Glaceon|spd|1\n|faint|p2a: Diancie\n|-damage|p1a: Glaceon|96/100|[from] item: Life Orb\n|\n|-weather|Snowscape|[upkeep]\n|upkeep\n|\n|t:|1789678585\n|switch|p2a: Magearna|Magearna|100/100\n|turn|2\n|\n|t:|1789678592\n|-start|p2a: Magearna|Dynamax|\n|-heal|p2a: Magearna|100/100|[silent]\n|move|p1a: Glaceon|Max Quake|p2a: Magearna\n|-supereffective|p2a: Magearna\n|-damage|p2a: Magearna|46/100\n|-boost|p1a: Glaceon|spd|1\n|-enditem|p2a: Magearna|Weakness Policy\n|-boost|p2a: Magearna|atk|2|[from] item: Weakness Policy\n|-boost|p2a: Magearna|spa|2|[from] item: Weakness Policy\n|-damage|p1a: Glaceon|91/100|[from] item: Life Orb\n|move|p2a: Magearna|Max Starfall|p1a: Glaceon\n|-damage|p1a: Glaceon|56/100\n|-fieldstart|move: Misty Terrain\n|\n|-weather|Snowscape|[upkeep]\n|upkeep\n|turn|3\n|\n|t:|1789678596\n|move|p2a: Magearna|Max Guard|p2a: Magearna\n|-singleturn|p2a: Magearna|Max Guard\n|move|p1a: Glaceon|Max Quake|p2a: Magearna\n|-activate|p2a: Magearna|move: Max Guard\n|\n|-weather|Snowscape|[upkeep]\n|upkeep\n|-end|p1a: Glaceon|Dynamax\n|-heal|p1a: Glaceon|56/100|[silent]\n|turn|4\n|\n|t:|1789678598\n|move|p1a: Glaceon|Earth Power|p2a: Magearna\n|-supereffective|p2a: Magearna\n|-damage|p2a: Magearna|5/100\n|-damage|p1a: Glaceon|46/100|[from] item: Life Orb\n|move|p2a: Magearna|Max Starfall|p1a: Glaceon\n|-damage|p1a: Glaceon|0 fnt\n|faint|p1a: Glaceon\n|-ability|p2a: Magearna|Soul-Heart|boost\n|-boost|p2a: Magearna|spa|1\n|\n|-weather|Snowscape|[upkeep]\n|upkeep\n|\n|t:|1789678599\n|switch|p1a: Moltres|Moltres|100/100\n|-end|p2a: Magearna|Dynamax\n|-heal|p2a: Magearna|5/100|[silent]\n|turn|5\n|\n|t:|1789678604\n|move|p2a: Magearna|Stored Power|p1a: Moltres\n|-damage|p1a: Moltres|1/100\n|move|p1a: Moltres|Flamethrower|p2a: Magearna\n|-supereffective|p2a: Magearna\n|-damage|p2a: Magearna|0 fnt\n|faint|p2a: Magearna\n|\n|-weather|none\n|upkeep\n|\n|t:|1789678606\n|switch|p2a: Regieleki|Regieleki|100/100\n|turn|6\n|\n|t:|1789678608\n|move|p2a: Regieleki|Thunderbolt|p1a: Moltres\n|-supereffective|p1a: Moltres\n|-damage|p1a: Moltres|0 fnt\n|faint|p1a: Moltres\n|\n|-fieldend|Misty Terrain\n|upkeep\n|\n|t:|1789678608\n|switch|p1a: Roserade|Roserade|100/100\n|-ability|p1a: Roserade|Masquerade\n|-start|p2a: Regieleki|move: Taunt\n|turn|7\n|\n|t:|1789678613\n|-terastallize|p1a: Roserade|Grass\n|move|p2a: Regieleki|Explosion|p1a: Roserade\n|-enditem|p1a: Roserade|Focus Sash\n|-damage|p1a: Roserade|1/100\n|faint|p2a: Regieleki\n|move|p1a: Roserade|Thorned Bouquet|p2: Regieleki|[notarget]\n|-fail|p1a: Roserade\n|\n|upkeep\n|\n|t:|1789678618\n|switch|p2a: Glaceon|Glaceon|100/100\n|-weather|Snowscape|[from] ability: Diamond Dust|[of] p2a: Glaceon\n|turn|8\n|\n|t:|1789678620\n|switch|p1a: Blissey|Blissey|100/100\n|move|p2a: Glaceon|Aurora Veil|p2a: Glaceon\n|-sidestart|p2: SlimeQueenSamantha|move: Aurora Veil\n|\n|-weather|Snowscape|[upkeep]\n|upkeep\n|turn|9\n|\n|t:|1789678623\n|move|p2a: Glaceon|Blizzard|p1a: Blissey\n|-damage|p1a: Blissey|74/100\n|-damage|p2a: Glaceon|91/100|[from] item: Life Orb\n|move|p1a: Blissey|Calm Mind|p1a: Blissey\n|-boost|p1a: Blissey|spa|1\n|-boost|p1a: Blissey|spd|1\n|\n|-weather|Snowscape|[upkeep]\n|upkeep\n|turn|10\n|\n|t:|1789678627\n|switch|p2a: Garchomp|Garchomp|100/100\n|move|p1a: Blissey|Flamethrower|p2a: Garchomp\n|-resisted|p2a: Garchomp\n|-damage|p2a: Garchomp|93/100\n|\n|-weather|Snowscape|[upkeep]\n|upkeep\n|turn|11\n|\n|t:|1789678630\n|move|p2a: Garchomp|Swords Dance|p2a: Garchomp\n|-boost|p2a: Garchomp|atk|2\n|move|p1a: Blissey|Seismic Toss|p2a: Garchomp\n|-damage|p2a: Garchomp|65/100\n|-damage|p1a: Blissey|62/100|[from] ability: Rough Skin|[of] p2a: Garchomp\n|\n|-weather|Snowscape|[upkeep]\n|upkeep\n|turn|12\n|\n|t:|1789678631\n|move|p2a: Garchomp|Swords Dance|p2a: Garchomp\n|-boost|p2a: Garchomp|atk|2\n|move|p1a: Blissey|Calm Mind|p1a: Blissey\n|-boost|p1a: Blissey|spa|1\n|-boost|p1a: Blissey|spd|1\n|\n|-weather|none\n|-sideend|p2: SlimeQueenSamantha|move: Aurora Veil\n|upkeep\n|turn|13\n|\n|t:|1789678634\n|move|p2a: Garchomp|Scale Shot|p1a: Blissey\n|-damage|p1a: Blissey|22/100\n|-damage|p1a: Blissey|0 fnt\n|faint|p1a: Blissey\n|-hitcount|p1: Blissey|2\n|-unboost|p2a: Garchomp|def|1\n|-boost|p2a: Garchomp|spe|1\n|\n|upkeep\n|\n|t:|1789678634\n|switch|p1a: Clefable|Clefable|100/100\n|turn|14\n|\n|t:|1789678638\n|move|p2a: Garchomp|Earthquake|p1a: Clefable\n|-damage|p1a: Clefable|60/100\n|move|p1a: Clefable|Moonblast|p2a: Garchomp\n|-supereffective|p2a: Garchomp\n|-damage|p2a: Garchomp|0 fnt\n|faint|p2a: Garchomp\n|\n|upkeep\n|\n|t:|1789678644\n|switch|p2a: Glaceon|Glaceon|91/100\n|-weather|Snowscape|[from] ability: Diamond Dust|[of] p2a: Glaceon\n|turn|15\n|\n|t:|1789678645\n|move|p2a: Glaceon|Blizzard|p1a: Clefable\n|-damage|p1a: Clefable|0 fnt\n|faint|p1a: Clefable\n|-damage|p2a: Glaceon|81/100|[from] item: Life Orb\n|\n|-weather|Snowscape|[upkeep]\n|upkeep\n|\n|t:|1789678645\n|switch|p1a: Spiritomb|Spiritomb|100/100\n|turn|16\n|\n|t:|1789678649\n|move|p2a: Glaceon|Blizzard|p1a: Spiritomb\n|-damage|p1a: Spiritomb|49/100\n|-damage|p2a: Glaceon|71/100|[from] item: Life Orb\n|move|p1a: Spiritomb|Soul Toll|p2a: Glaceon\n|-damage|p2a: Glaceon|30/100\n|\n|-weather|Snowscape|[upkeep]\n|-heal|p1a: Spiritomb|56/100|[from] item: Leftovers\n|upkeep\n|turn|17\n|\n|t:|1789678652\n|move|p2a: Glaceon|Aurora Veil|p2a: Glaceon\n|-sidestart|p2: SlimeQueenSamantha|move: Aurora Veil\n|move|p1a: Spiritomb|Soul Toll|p2a: Glaceon\n|-damage|p2a: Glaceon|12/100\n|\n|-weather|Snowscape|[upkeep]\n|-heal|p1a: Spiritomb|62/100|[from] item: Leftovers\n|upkeep\n|turn|18\n|\n|t:|1789678656\n|move|p2a: Glaceon|Blizzard|p1a: Spiritomb\n|-damage|p1a: Spiritomb|15/100\n|-damage|p2a: Glaceon|2/100|[from] item: Life Orb\n|move|p1a: Spiritomb|Soul Toll|p2a: Glaceon\n|-damage|p2a: Glaceon|0 fnt\n|faint|p2a: Glaceon\n|\n|-weather|Snowscape|[upkeep]\n|-heal|p1a: Spiritomb|22/100|[from] item: Leftovers\n|upkeep\n|\n|t:|1789678658\n|switch|p2a: Dragonite|Dragonite|100/100\n|turn|19\n|\n|t:|1789678662\n|-terastallize|p2a: Dragonite|Normal\n|move|p2a: Dragonite|Dragon Dance|p2a: Dragonite\n|-boost|p2a: Dragonite|atk|1\n|-boost|p2a: Dragonite|spe|1\n|move|p1a: Spiritomb|Soul Toll|p2a: Dragonite\n|-immune|p2a: Dragonite\n|\n|-weather|none\n|-heal|p1a: Spiritomb|28/100|[from] item: Leftovers\n|upkeep\n|turn|20\n|\n|t:|1789678664\n|move|p2a: Dragonite|Dragon Dance|p2a: Dragonite\n|-boost|p2a: Dragonite|atk|1\n|-boost|p2a: Dragonite|spe|1\n|move|p1a: Spiritomb|Strength Sap|p2a: Dragonite\n|-unboost|p2a: Dragonite|atk|1\n|-heal|p1a: Spiritomb|100/100\n|\n|upkeep\n|turn|21\n|\n|t:|1789678665\n|move|p2a: Dragonite|Dragon Dance|p2a: Dragonite\n|-boost|p2a: Dragonite|atk|1\n|-boost|p2a: Dragonite|spe|1\n|move|p1a: Spiritomb|Will-O-Wisp|p2a: Dragonite\n|-status|p2a: Dragonite|brn\n|\n|-damage|p2a: Dragonite|94/100 brn|[from] brn\n|-sideend|p2: SlimeQueenSamantha|move: Aurora Veil\n|upkeep\n|turn|22\n|\n|t:|1789678668\n|move|p2a: Dragonite|Dragon Dance|p2a: Dragonite\n|-boost|p2a: Dragonite|atk|1\n|-boost|p2a: Dragonite|spe|1\n|move|p1a: Spiritomb|Carrion Feast|p2a: Dragonite\n|-damage|p2a: Dragonite|70/100 brn\n|\n|-damage|p2a: Dragonite|64/100 brn|[from] brn\n|upkeep\n|turn|23\n|\n|t:|1789678669\n|move|p2a: Dragonite|Dragon Dance|p2a: Dragonite\n|-boost|p2a: Dragonite|atk|1\n|-boost|p2a: Dragonite|spe|1\n|move|p1a: Spiritomb|Carrion Feast|p2a: Dragonite\n|-damage|p2a: Dragonite|42/100 brn\n|\n|-damage|p2a: Dragonite|36/100 brn|[from] brn\n|upkeep\n|turn|24\n|\n|t:|1789678671\n|move|p2a: Dragonite|Ice Spinner|p1a: Spiritomb\n|-damage|p1a: Spiritomb|61/100\n|move|p1a: Spiritomb|Carrion Feast|p2a: Dragonite\n|-damage|p2a: Dragonite|13/100 brn\n|-heal|p1a: Spiritomb|72/100|[from] drain|[of] p2a: Dragonite\n|\n|-heal|p1a: Spiritomb|78/100|[from] item: Leftovers\n|-damage|p2a: Dragonite|7/100 brn|[from] brn\n|upkeep\n|turn|25\n|\n|t:|1789678675\n|move|p2a: Dragonite|Ice Spinner|p1a: Spiritomb\n|-damage|p1a: Spiritomb|38/100\n|move|p1a: Spiritomb|Carrion Feast|p2a: Dragonite\n|-damage|p2a: Dragonite|0 fnt\n|-heal|p1a: Spiritomb|41/100|[from] drain|[of] p2a: Dragonite\n|faint|p2a: Dragonite\n|\n|win|Bunny Stockfish\n",
	"inputlog": ">start {\"formatid\":\"gen9rpou\",\"seed\":\"sodium,eea00420d0cab8643931a473e614d52c\",\"rated\":\"Rated battle\"}\n>player p1 {\"name\":\"Bunny Stockfish\",\"avatar\":\"bunny.png\",\"team\":\"Spiritomb||Leftovers|KeystoneLegion|SoulToll,StrengthSap,WillOWisp,CarrionFeast|Calm|252,,4,,252,|N||||,,,,,Fairy]Clefable||HeavyDutyBoots|Unaware|CalmMind,Moonblast,Moonlight,KnockOff|Bold|252,,252,,4,|N|,0,,,,|||,,,,,Water]Blissey||HeavyDutyBoots|Healer|SoftBoiled,CalmMind,SeismicToss,Flamethrower|Calm|4,,252,,252,|N|,0,,,,|||,,,,,Dark]Glaceon||LifeOrb|DiamondDust|Blizzard,EarthPower,SparkScamper,FreezeDry|Timid|,,,252,4,252|N||||,,,,,Ice]Moltres||HeavyDutyBoots|FlameBody|Flamethrower,Roost,Uturn,Roar|Bold|248,,248,,,12|N||||,,,,,Grass]Roserade||FocusSash|Masquerade|ThornedBouquet,SludgeBomb,Synthesis,Spikes|Timid|,,,252,4,252|N||||,,,,,Grass\",\"rating\":1409}\n>player p2 {\"name\":\"SlimeQueenSamantha\",\"avatar\":\"queen.png\",\"team\":\"Regieleki||LightClay|Transistor|LightScreen,Reflect,Explosion,Thunderbolt|Hasty|252,4,,,,252|N||||,,,,,Electric]Magearna||WeaknessPolicy|SoulHeart|CalmMind,ShiftGear,DrainingKiss,StoredPower|Timid|,,4,252,,252|N|,0,,,,|||,,,,,Fire]Dragonite||HeavyDutyBoots|Multiscale|DragonDance,ExtremeSpeed,IceSpinner,Earthquake|Adamant|,252,,,4,252|N||||,,,,,Normal]Glaceon||LifeOrb|DiamondDust|Blizzard,FreezeDry,AuroraVeil,EarthPower|Modest|,,,252,4,252|N|,0,,,,|||,,,,,Ice]Diancie||Diancite|ClearBody|DiamondStorm,Moonblast,Explosion,Spikes|Hasty|108,,,184,,216|N||||,,,,,Ghost]Garchomp||FiriumZ|RoughSkin|SwordsDance,Earthquake,ScaleShot,FireBlast|Naive|,252,,4,,252|N||||,,,,,Ground\",\"rating\":1525}\n>chat ☆Bunny Stockfish|Good luck! Playing on **stockfish**.\n>p1 team 4, 6, 5, 2, 3, 1\n>p2 team 5, 2, 3, 4, 1, 6\n>p1 move earthpower dynamax\n>p2 move diamondstorm\n>p2 switch 2\n>p1 move earthpower dynamax\n>p2 move drainingkiss dynamax\n>p1 move earthpower dynamax\n>p2 move shiftgear dynamax\n>p1 move earthpower\n>p2 move drainingkiss dynamax\n>p1 switch 3\n>p1 move flamethrower\n>p2 move storedpower\n>p2 switch 5\n>p1 move flamethrower\n>p2 move thunderbolt\n>p1 switch 2\n>p1 move thornedbouquet terastallize\n>p2 move explosion\n>p2 switch 4\n>p1 switch 5\n>p2 move auroraveil\n>p1 move calmmind\n>p2 move blizzard\n>p1 move flamethrower\n>p2 switch 6\n>p1 move seismictoss\n>p2 move swordsdance\n>p1 move calmmind\n>p2 move swordsdance\n>p1 move seismictoss\n>p2 move scaleshot\n>p1 switch 4\n>p1 move moonblast\n>p2 move earthquake\n>p2 switch 6\n>p1 move moonblast\n>p2 move blizzard\n>p1 switch 6\n>p1 move soultoll\n>p2 move blizzard\n>p1 move soultoll\n>p2 move auroraveil\n>p1 move soultoll\n>p2 move blizzard\n>p2 switch 3\n>p1 move soultoll\n>p2 move dragondance terastallize\n>p1 move strengthsap\n>p2 move dragondance\n>p1 move willowisp\n>p2 move dragondance\n>p1 move carrionfeast\n>p2 move dragondance\n>p1 move carrionfeast\n>p2 move dragondance\n>p1 move carrionfeast\n>p2 move icespinner\n>p1 move carrionfeast\n>p2 move icespinner",
	"uploadtime": 1789678675
}