{
	"id": "gen9rpou-1-tm81he",
	"format": "[Gen 9] RP OU",
	"players": [
		"Bunny Stockfish",
		"SlimeQueenSamantha"
	],
	"rating": null,
	"log": "|j|☆Bunny Stockfish\n|j|☆SlimeQueenSamantha\n|t:|1790845925\n|gametype|singles\n|badge|p1|bronze|gen9rpou|3-3\n|badge|p2|gold|gen9rpou|1-1\n|player|p1|Bunny Stockfish|bunny.png|1368\n|player|p2|SlimeQueenSamantha|queen.png|1506\n|gen|9\n|tier|[Gen 9] RP OU\n|rated|\n|rule|HP Percentage Mod: HP is shown in percentages\n|rule|Endless Battle Clause: Forcing endless battles is banned\n|rule|Species Clause: Limit one of each Pokémon\n|rule|OHKO Clause: OHKO moves are banned\n|rule|Evasion Clause: Evasion abilities, items, and moves are banned\n|rule|Evasion Abilities Clause: Evasion abilities are banned\n|rule|Evasion Items Clause: Evasion items are banned\n|rule|Evasion Moves Clause: Evasion moves are banned\n|rule|Sleep Clause Mod: Limit one foe put to sleep\n|clearpoke\n|poke|p1|Banette|\n|poke|p1|Kingambit|\n|poke|p1|Enamorus-Therian|\n|poke|p1|Roserade|\n|poke|p1|Pawmot|\n|poke|p1|Garchomp|\n|poke|p2|Gouging Fire|\n|poke|p2|Torkoal|\n|poke|p2|Infernape|\n|poke|p2|Leafeon|\n|poke|p2|Landorus-Therian|\n|poke|p2|Walking Wake|\n|teampreview\n|c|☆Bunny Stockfish|Good luck! Playing on **stockfish**.\n|\n|t:|1790845938\n|teamsize|p1|6\n|teamsize|p2|6\n|start\n|switch|p1a: Enamorus|Enamorus-Therian|100/100\n|switch|p2a: Infernape|Infernape|100/100\n|turn|1\n|\n|t:|1790845942\n|-start|p2a: Infernape|Dynamax|\n|-heal|p2a: Infernape|100/100|[silent]\n|-start|p1a: Enamorus|Dynamax|\n|-heal|p1a: Enamorus|100/100|[silent]\n|move|p2a: Infernape|Max Hailstorm|p1a: Enamorus\n|-supereffective|p1a: Enamorus\n|-damage|p1a: Enamorus|56/100\n|-weather|Snowscape\n|move|p1a: Enamorus|Max Starfall|p2a: Infernape\n|-damage|p2a: Infernape|44/100\n|-fieldstart|move: Misty Terrain\n|\n|-weather|Snowscape|[upkeep]\n|upkeep\n|turn|2\n|\n|t:|1790845952\n|move|p2a: Infernape|Max Hailstorm|p1a: Enamorus\n|-supereffective|p1a: Enamorus\n|-damage|p1a: Enamorus|17/100\n|move|p1a: Enamorus|Max Starfall|p2a: Infernape\n|-damage|p2a: Infernape|0 fnt\n|faint|p2a: Infernape\n|\n|-weather|Snowscape|[upkeep]\n|upkeep\n|\n|t:|1790845955\n|switch|p2a: Leafeon|Leafeon|100/100\n|-weather|SunnyDay|[from] ability: Solstice|[of] p2a: Leafeon\n|turn|3\n|\n|t:|1790845962\n|-terastallize|p2a: Leafeon|Fire\n|move|p2a: Leafeon|Tera Blast|p1a: Enamorus|[anim] Tera Blast Fire\n|-damage|p1a: Enamorus|0 fnt\n|faint|p1a: Enamorus\n|\n|-weather|SunnyDay|[upkeep]\n|upkeep\n|\n|t:|1790845963\n|switch|p1a: Garchomp|Garchomp|100/100\n|turn|4\n|\n|t:|1790845967\n|switch|p2a: Landorus|Landorus-Therian|100/100\n|-ability|p2a: Landorus|Intimidate|boost\n|-unboost|p1a: Garchomp|atk|1\n|move|p1a: Garchomp|Earthquake|p2a: Landorus\n|-immune|p2a: Landorus\n|\n|-weather|SunnyDay|[upkeep]\n|upkeep\n|turn|5\n|\n|t:|1790845972\n|move|p1a: Garchomp|Stealth Rock|p2a: Landorus\n|-sidestart|p2: SlimeQueenSamantha|move: Stealth Rock\n|move|p2a: Landorus|Knock Off|p1a: Garchomp\n|-damage|p1a: Garchomp|81/100\n|-damage|p2a: Landorus|88/100|[from] ability: Rough Skin|[of] p1a: Garchomp\n|-damage|p2a: Landorus|72/100|[from] item: Rocky Helmet|[of] p1a: Garchomp\n|-enditem|p1a: Garchomp|Rocky Helmet|[from] move: Knock Off|[of] p2a: Landorus\n|\n|-weather|SunnyDay|[upkeep]\n|-heal|p2a: Landorus|78/100|[from] item: Leftovers\n|-fieldend|Misty Terrain\n|upkeep\n|turn|6\n|\n|t:|1790845974\n|move|p1a: Garchomp|Spikes|p2a: Landorus\n|-sidestart|p2: SlimeQueenSamantha|Spikes\n|move|p2a: Landorus|Defog|p1a: Garchomp\n|-unboost|p1a: Garchomp|evasion|1\n|-sideend|p2: SlimeQueenSamantha|Spikes|[from] move: Defog|[of] p2a: Landorus\n|-sideend|p2: SlimeQueenSamantha|Stealth Rock|[from] move: Defog|[of] p2a: Landorus\n|\n|-weather|SunnyDay|[upkeep]\n|-heal|p2a: Landorus|84/100|[from] item: Leftovers\n|upkeep\n|turn|7\n|\n|t:|1790845977\n|move|p1a: Garchomp|Stealth Rock|p2a: Landorus\n|-sidestart|p2: SlimeQueenSamantha|move: Stealth Rock\n|move|p2a: Landorus|U-turn|p1a: Garchomp\n|-damage|p1a: Garchomp|67/100\n|-damage|p2a: Landorus|71/100|[from] ability: Rough Skin|[of] p1a: Garchomp\n|\n|t:|1790845979\n|switch|p2a: Walking Wake|Walking Wake|100/100|[from] U-turn\n|-damage|p2a: Walking Wake|88/100|[from] Stealth Rock\n|-activate|p2a: Walking Wake|ability: Protosynthesis\n|-start|p2a: Walking Wake|protosynthesisspe\n|\n|-weather|none\n|-end|p2a: Walking Wake|Protosynthesis\n|upkeep\n|turn|8\n|\n|t:|1790845982\n|switch|p1a: Banette|Banette|100/100\n|move|p2a: Walking Wake|Hydro Steam|p1a: Banette\n|-damage|p1a: Banette|0 fnt\n|faint|p1a: Banette\n|\n|upkeep\n|\n|t:|1790845982\n|switch|p1a: Kingambit|Kingambit|100/100\n|-activate|p1a: Kingambit|ability: Supreme Overlord\n|-start|p1a: Kingambit|fallen2|[silent]\n|turn|9\n|\n|t:|1790845987\n|-end|p2a: Walking Wake|Protosynthesis|[silent]\n|switch|p2a: Torkoal|Torkoal|100/100\n|-damage|p2a: Torkoal|76/100|[from] Stealth Rock\n|-weather|SunnyDay|[from] ability: Drought|[of] p2a: Torkoal\n|move|p1a: Kingambit|Carrion Feast|p2a: Torkoal\n|-damage|p2a: Torkoal|40/100\n|\n|-weather|SunnyDay|[upkeep]\n|upkeep\n|turn|10\n|\n|t:|1790845989\n|move|p1a: Kingambit|Carrion Feast|p2a: Torkoal\n|-damage|p2a: Torkoal|0 fnt\n|faint|p2a: Torkoal\n|\n|-weather|SunnyDay|[upkeep]\n|upkeep\n|\n|t:|1790845995\n|switch|p2a: Leafeon|Leafeon, tera:Fire|100/100\n|-damage|p2a: Leafeon|76/100|[from] Stealth Rock\n|turn|11\n|\n|t:|1790845996\n|move|p2a: Leafeon|Tera Blast|p1a: Kingambit|[anim] Tera Blast Fire\n|-supereffective|p1a: Kingambit\n|-damage|p1a: Kingambit|15/100\n|move|p1a: Kingambit|Carrion Feast|p2a: Leafeon\n|-damage|p2a: Leafeon|2/100\n|-heal|p1a: Kingambit|40/100|[from] drain|[of] p2a: Leafeon\n|\n|-weather|SunnyDay|[upkeep]\n|upkeep\n|turn|12\n|\n|t:|1790845999\n|move|p1a: Kingambit|Sucker Punch|p2a: Leafeon\n|-damage|p2a: Leafeon|0 fnt\n|faint|p2a: Leafeon\n|\n|-weather|SunnyDay|[upkeep]\n|upkeep\n|\n|t:|1790846001\n|switch|p2a: Landorus|Landorus-Therian|71/100\n|-damage|p2a: Landorus|59/100|[from] Stealth Rock\n|-ability|p2a: Landorus|Intimidate|boost\n|-unboost|p1a: Kingambit|atk|1\n|turn|13\n|\n|t:|1790846004\n|-terastallize|p1a: Kingambit|Flying\n|move|p1a: Kingambit|Sucker Punch|p2a: Landorus\n|-damage|p2a: Landorus|21/100\n|move|p2a: Landorus|Earthquake|p1a: Kingambit\n|-immune|p1a: Kingambit\n|\n|-weather|SunnyDay|[upkeep]\n|-heal|p2a: Landorus|27/100|[from] item: Leftovers\n|upkeep\n|turn|14\n|\n|t:|1790846007\n|move|p2a: Landorus|Defog|p1a: Kingambit\n|-unboost|p1a: Kingambit|evasion|1\n|-sideend|p2: SlimeQueenSamantha|Stealth Rock|[from] move: Defog|[of] p2a: Landorus\n|move|p1a: Kingambit|Carrion Feast|p2a: Landorus\n|-damage|p2a: Landorus|0 fnt\n|-heal|p1a: Kingambit|53/100|[from] drain|[of] p2a: Landorus\n|faint|p2a: Landorus\n|\n|-weather|SunnyDay|[upkeep]\n|upkeep\n|\n|t:|1790846010\n|switch|p2a: Gouging Fire|Gouging Fire|100/100\n|-activate|p2a: Gouging Fire|ability: Protosynthesis\n|-start|p2a: Gouging Fire|protosynthesisatk\n|turn|15\n|\n|t:|1790846012\n|move|p2a: Gouging Fire|Heat Crash|p1a: Kingambit\n|-damage|p1a: Kingambit|0 fnt\n|faint|p1a: Kingambit\n|-end|p1a: Kingambit|fallen2|[silent]\n|\n|-weather|SunnyDay|[upkeep]\n|upkeep\n|\n|t:|1790846012\n|switch|p1a: Roserade|Roserade|100/100\n|-ability|p1a: Roserade|Masquerade\n|-start|p2a: Gouging Fire|move: Taunt\n|turn|16\n|\n|t:|1790846014\n|move|p1a: Roserade|Sludge Bomb|p2a: Gouging Fire\n|-damage|p2a: Gouging Fire|56/100\n|-status|p2a: Gouging Fire|psn\n|move|p2a: Gouging Fire|Heat Crash|p1a: Roserade\n|-supereffective|p1a: Roserade\n|-damage|p1a: Roserade|0 fnt\n|faint|p1a: Roserade\n|\n|-weather|none\n|-end|p2a: Gouging Fire|Protosynthesis\n|-damage|p2a: Gouging Fire|44/100 psn|[from] psn\n|upkeep\n|\n|t:|1790846015\n|switch|p1a: Garchomp|Garchomp|67/100\n|turn|17\n|\n|t:|1790846017\n|move|p2a: Gouging Fire|Earthquake|p1a: Garchomp\n|-damage|p1a: Garchomp|48/100\n|move|p1a: Garchomp|Earthquake|p2a: Gouging Fire\n|-supereffective|p2a: Gouging Fire\n|-damage|p2a: Gouging Fire|0 fnt\n|faint|p2a: Gouging Fire\n|-end|p2a: Gouging Fire|Protosynthesis|[silent]\n|\n|upkeep\n|\n|t:|1790846020\n|switch|p2a: Walking Wake|Walking Wake|88/100\n|turn|18\n|\n|t:|1790846024\n|move|p2a: Walking Wake|Dragon Pulse|p1a: Garchomp\n|-supereffective|p1a: Garchomp\n|-damage|p1a: Garchomp|0 fnt\n|faint|p1a: Garchomp\n|\n|upkeep\n|\n|t:|1790846024\n|switch|p1a: Pawmot|Pawmot|100/100\n|turn|19\n|\n|t:|1790846026\n|move|p2a: Walking Wake|Dragon Pulse|p1a: Pawmot\n|-damage|p1a: Pawmot|0 fnt\n|faint|p1a: Pawmot\n|\n|win|SlimeQueenSamantha\n",
	"inputlog": ">start {\"formatid\":\"gen9rpou\",\"seed\":\"sodium,c7f3a5f3212f2bc02fa27f664f77c60c\",\"rated\":\"Rated battle\"}\n>player p1 {\"name\":\"Bunny Stockfish\",\"avatar\":\"bunny.png\",\"team\":\"Banette||Banettite|CursedBody|ShadowSneak,GunkShot,SwordsDance,ThunderWave|Adamant|,252,,,4,252|N||||,,,,,Fairy]Kingambit||BlackGlasses|SupremeOverlord|SwordsDance,SuckerPunch,CarrionFeast,IronHead|Adamant|252,252,,,4,|N||||,,,,,Flying]Enamorus|EnamorusTherian|ChoiceSpecs|Overcoat|Moonblast,EarthPower,VelvetPress,DrainingKiss|Quiet|248,,8,252,,|N|,0,,,,0|||,,,,,Steel]Roserade||Leftovers|Masquerade|ThornedBouquet,SludgeBomb,SolarNectar,ToxicSpikes|Timid|,,,252,4,252|N|,0,,,,|||,,,,,Water]Pawmot||LeppaBerry|VoltAbsorb|SleepTalk,Encore,RevivalBlessing,VoltaicLance|Jolly|4,252,,,,252|N||||,,,,,Fairy]Garchomp||RockyHelmet|RoughSkin|Earthquake,DragonTail,StealthRock,Spikes|Impish|252,,216,,,40|N||||,,,,,Steel\",\"rating\":1368}\n>player p2 {\"name\":\"SlimeQueenSamantha\",\"avatar\":\"queen.png\",\"team\":\"Gouging Fire||HeavyDutyBoots|Protosynthesis|HeatCrash,Earthquake,DragonDance,MorningSun|Jolly|,252,,,4,252|N||||,,,,,Fairy]Torkoal||HeatRock|Drought|LavaPlume,RapidSpin,StealthRock,WillOWisp|Bold|248,,252,,8,|N||||,,,,,Dragon]Infernape||HeavyDutyBoots|CrownofFlame|CloseCombat,FireBlast,IcePunch,Uturn|Hasty|,252,,4,,252|N||||,,,,,Fighting]Leafeon||GrassGem|Solstice|LeafBlade,Earthquake,SwordsDance,TeraBlast|Naive|,252,,4,,252|N||||,,,,,Fire]Landorus|LandorusTherian|Leftovers|Intimidate|Earthquake,Uturn,Defog,KnockOff|Careful|252,4,,,252,|N||||,,,,,Water]Walking Wake||ChoiceSpecs|Protosynthesis|HydroSteam,DracoMeteor,Flamethrower,DragonPulse|Timid|12,,,244,,252|N|,0,,,,|||,,,,,Water\",\"rating\":1506}\n>chat ☆Bunny Stockfish|Good luck! Playing on **stockfish**.\n>p1 team 3, 5, 4, 6, 1, 2\n>p2 team 3, 2, 1, 4, 5, 6\n>p1 move moonblast dynamax\n>p2 move icepunch dynamax\n>p1 move moonblast dynamax\n>p2 move icepunch dynamax\n>p2 switch 4\n>p1 move moonblast dynamax\n>p2 move terablast terastallize\n>p1 switch 4\n>p1 move earthquake\n>p2 switch 5\n>p1 move stealthrock\n>p2 move knockoff\n>p1 move spikes\n>p2 move defog\n>p1 move stealthrock\n>p2 move uturn\n>p2 switch 6\n>p1 switch 5\n>p2 move hydrosteam\n>p1 switch 6\n>p1 move carrionfeast\n>p2 switch 2\n>p1 move carrionfeast\n>p2 move rapidspin\n>p2 switch 5\n>p1 move carrionfeast\n>p2 move terablast\n>p1 move suckerpunch\n>p2 move terablast\n>p2 switch 6\n>p1 move suckerpunch terastallize\n>p2 move earthquake\n>p1 move carrionfeast\n>p2 move defog\n>p2 switch 3\n>p1 move carrionfeast\n>p2 move heatcrash\n>p1 switch 3\n>p1 move sludgebomb\n>p2 move heatcrash\n>p1 switch 5\n>p1 move earthquake\n>p2 move earthquake\n>p2 switch 2\n>p1 move dragontail\n>p2 move dragonpulse\n>p1 switch 2\n>p1 move voltaiclance\n>p2 move dragonpulse",
	"uploadtime": 1790846026
}