{
	"id": "gen9rpou-2-tm80p7",
	"format": "[Gen 9] RP OU",
	"players": [
		"Bunny Stockfish",
		"SlimeQueenSamantha"
	],
	"rating": null,
	"log": "|j|☆Bunny Stockfish\n|j|☆SlimeQueenSamantha\n|t:|1790845263\n|gametype|singles\n|badge|p1|bronze|gen9rpou|3-3\n|badge|p2|gold|gen9rpou|1-1\n|player|p1|Bunny Stockfish|bunny.png|1346\n|player|p2|SlimeQueenSamantha|queen.png|1534\n|gen|9\n|tier|[Gen 9] RP OU\n|rated|\n|rule|HP Percentage Mod: HP is shown in percentages\n|rule|Endless Battle Clause: Forcing endless battles is banned\n|rule|Species Clause: Limit one of each Pokémon\n|rule|OHKO Clause: OHKO moves are banned\n|rule|Evasion Clause: Evasion abilities, items, and moves are banned\n|rule|Evasion Abilities Clause: Evasion abilities are banned\n|rule|Evasion Items Clause: Evasion items are banned\n|rule|Evasion Moves Clause: Evasion moves are banned\n|rule|Sleep Clause Mod: Limit one foe put to sleep\n|clearpoke\n|poke|p1|Togekiss|\n|poke|p1|Espeon|\n|poke|p1|Spiritomb|\n|poke|p1|Gyarados|\n|poke|p1|Tinkaton|\n|poke|p1|Ferrothorn|\n|poke|p2|Gouging Fire|\n|poke|p2|Torkoal|\n|poke|p2|Infernape|\n|poke|p2|Leafeon|\n|poke|p2|Landorus-Therian|\n|poke|p2|Walking Wake|\n|teampreview\n|c|☆Bunny Stockfish|Good luck! Playing on **stockfish**.\n|\n|t:|1790845274\n|teamsize|p1|6\n|teamsize|p2|6\n|start\n|switch|p1a: Espeon|Espeon|100/100\n|switch|p2a: Infernape|Infernape|100/100\n|turn|1\n|\n|t:|1790845284\n|switch|p2a: Torkoal|Torkoal|100/100\n|-weather|SunnyDay|[from] ability: Drought|[of] p2a: Torkoal\n|-start|p1a: Espeon|Dynamax|\n|-heal|p1a: Espeon|100/100|[silent]\n|move|p1a: Espeon|Max Mindstorm|p2a: Torkoal\n|-damage|p2a: Torkoal|0 fnt\n|-fieldstart|move: Psychic Terrain\n|faint|p2a: Torkoal\n|\n|-weather|SunnyDay|[upkeep]\n|upkeep\n|\n|t:|1790845295\n|switch|p2a: Walking Wake|Walking Wake|100/100\n|-activate|p2a: Walking Wake|ability: Protosynthesis\n|-start|p2a: Walking Wake|protosynthesisspe\n|turn|2\n|\n|t:|1790845300\n|-terastallize|p2a: Walking Wake|Water\n|move|p2a: Walking Wake|Hydro Steam|p1a: Espeon\n|-damage|p1a: Espeon|28/100\n|move|p1a: Espeon|Max Starfall|p2a: Walking Wake\n|-damage|p2a: Walking Wake|34/100\n|-fieldstart|move: Misty Terrain\n|\n|-weather|SunnyDay|[upkeep]\n|upkeep\n|turn|3\n|\n|t:|1790845304\n|move|p2a: Walking Wake|Hydro Steam|p1a: Espeon\n|-damage|p1a: Espeon|0 fnt\n|faint|p1a: Espeon\n|\n|-weather|SunnyDay|[upkeep]\n|upkeep\n|\n|t:|1790845305\n|switch|p1a: Togekiss|Togekiss|100/100\n|turn|4\n|\n|t:|1790845306\n|move|p2a: Walking Wake|Hydro Steam|p1a: Togekiss\n|-damage|p1a: Togekiss|3/100\n|move|p1a: Togekiss|Alluring Voice|p2a: Walking Wake\n|-damage|p2a: Walking Wake|0 fnt\n|faint|p2a: Walking Wake\n|-end|p2a: Walking Wake|Protosynthesis|[silent]\n|\n|-weather|SunnyDay|[upkeep]\n|upkeep\n|\n|t:|1790845310\n|switch|p2a: Infernape|Infernape|100/100\n|turn|5\n|\n|t:|1790845312\n|move|p2a: Infernape|U-turn|p1a: Togekiss\n|-resisted|p1a: Togekiss\n|-damage|p1a: Togekiss|0 fnt\n|faint|p1a: Togekiss\n|\n|t:|1790845316\n|switch|p2a: Landorus|Landorus-Therian|100/100|[from] U-turn\n|\n|-weather|SunnyDay|[upkeep]\n|upkeep\n|\n|t:|1790845317\n|switch|p1a: Tinkaton|Tinkaton|100/100\n|-ability|p1a: Tinkaton|Mold Breaker\n|-item|p1a: Tinkaton|Air Balloon\n|turn|6\n|\n|t:|1790845320\n|move|p1a: Tinkaton|Stealth Rock|p2a: Landorus\n|-sidestart|p2: SlimeQueenSamantha|move: Stealth Rock\n|move|p2a: Landorus|Knock Off|p1a: Tinkaton\n|-resisted|p1a: Tinkaton\n|-damage|p1a: Tinkaton|82/100\n|-enditem|p1a: Tinkaton|Air Balloon\n|\n|-weather|SunnyDay|[upkeep]\n|-fieldend|Misty Terrain\n|upkeep\n|turn|7\n|\n|t:|1790845322\n|switch|p1a: Ferrothorn|Ferrothorn|100/100\n|move|p2a: Landorus|Defog|p1a: Ferrothorn\n|-unboost|p1a: Ferrothorn|evasion|1\n|-sideend|p2: SlimeQueenSamantha|Stealth Rock|[from] move: Defog|[of] p2a: Landorus\n|\n|-weather|SunnyDay|[upkeep]\n|upkeep\n|turn|8\n|\n|t:|1790845326\n|switch|p2a: Infernape|Infernape|100/100\n|move|p1a: Ferrothorn|Stealth Rock|p2a: Infernape\n|-sidestart|p2: SlimeQueenSamantha|move: Stealth Rock\n|\n|-weather|none\n|upkeep\n|turn|9\n|\n|t:|1790845327\n|switch|p1a: Gyarados|Gyarados|100/100\n|-ability|p1a: Gyarados|Intimidate|boost\n|-unboost|p2a: Infernape|atk|1\n|move|p2a: Infernape|Fire Blast|p1a: Gyarados\n|-resisted|p1a: Gyarados\n|-damage|p1a: Gyarados|75/100\n|\n|upkeep\n|turn|10\n|\n|t:|1790845330\n|move|p2a: Infernape|U-turn|p1a: Gyarados\n|-resisted|p1a: Gyarados\n|-damage|p1a: Gyarados|67/100\n|-damage|p2a: Infernape|84/100|[from] item: Rocky Helmet|[of] p1a: Gyarados\n|\n|t:|1790845334\n|switch|p2a: Landorus|Landorus-Therian|100/100|[from] U-turn\n|-damage|p2a: Landorus|88/100|[from] Stealth Rock\n|-ability|p2a: Landorus|Intimidate|boost\n|-unboost|p1a: Gyarados|atk|1\n|move|p1a: Gyarados|Wave Charge|p2a: Landorus\n|-supereffective|p2a: Landorus\n|-damage|p2a: Landorus|35/100\n|-boost|p1a: Gyarados|spe|1\n|\n|-heal|p2a: Landorus|41/100|[from] item: Leftovers\n|upkeep\n|turn|11\n|\n|t:|1790845336\n|move|p1a: Gyarados|Wave Charge|p2a: Landorus\n|-supereffective|p2a: Landorus\n|-damage|p2a: Landorus|0 fnt\n|-boost|p1a: Gyarados|spe|1\n|faint|p2a: Landorus\n|\n|upkeep\n|\n|t:|1790845340\n|switch|p2a: Leafeon|Leafeon|100/100\n|-damage|p2a: Leafeon|88/100|[from] Stealth Rock\n|-weather|SunnyDay|[from] ability: Solstice|[of] p2a: Leafeon\n|turn|12\n|\n|t:|1790845342\n|switch|p1a: Ferrothorn|Ferrothorn|100/100\n|move|p2a: Leafeon|Swords Dance|p2a: Leafeon\n|-boost|p2a: Leafeon|atk|2\n|\n|-weather|SunnyDay|[upkeep]\n|upkeep\n|turn|13\n|\n|t:|1790845348\n|-start|p2a: Leafeon|Dynamax|\n|-heal|p2a: Leafeon|88/100|[silent]\n|move|p2a: Leafeon|Max Quake|p1a: Ferrothorn\n|-damage|p1a: Ferrothorn|58/100\n|-boost|p2a: Leafeon|spd|1\n|move|p1a: Ferrothorn|Thunder Wave|p2a: Leafeon\n|-status|p2a: Leafeon|par\n|\n|-weather|SunnyDay|[upkeep]\n|-heal|p1a: Ferrothorn|64/100|[from] item: Leftovers\n|upkeep\n|turn|14\n|\n|t:|1790845350\n|move|p2a: Leafeon|Max Quake|p1a: Ferrothorn\n|-crit|p1a: Ferrothorn\n|-damage|p1a: Ferrothorn|0 fnt\n|-boost|p2a: Leafeon|spd|1\n|faint|p1a: Ferrothorn\n|\n|-weather|SunnyDay|[upkeep]\n|upkeep\n|\n|t:|1790845351\n|switch|p1a: Tinkaton|Tinkaton|82/100\n|-ability|p1a: Tinkaton|Mold Breaker\n|turn|15\n|\n|t:|1790845353\n|move|p2a: Leafeon|Max Quake|p1a: Tinkaton\n|-supereffective|p1a: Tinkaton\n|-damage|p1a: Tinkaton|0 fnt\n|-boost|p2a: Leafeon|spd|1\n|faint|p1a: Tinkaton\n|\n|-weather|SunnyDay|[upkeep]\n|upkeep\n|\n|t:|1790845354\n|switch|p1a: Spiritomb|Spiritomb|100/100\n|-end|p2a: Leafeon|Dynamax\n|-heal|p2a: Leafeon|88/100 par|[silent]\n|turn|16\n|\n|t:|1790845357\n|move|p2a: Leafeon|Leaf Blade|p1a: Spiritomb\n|-damage|p1a: Spiritomb|34/100\n|move|p1a: Spiritomb|Soul Toll|p2a: Leafeon\n|-damage|p2a: Leafeon|41/100 par\n|\n|-weather|none\n|-heal|p1a: Spiritomb|41/100|[from] item: Leftovers\n|upkeep\n|turn|17\n|\n|t:|1790845360\n|cant|p2a: Leafeon|par\n|move|p1a: Spiritomb|Soul Toll|p2a: Leafeon\n|-damage|p2a: Leafeon|0 fnt\n|faint|p2a: Leafeon\n|\n|-heal|p1a: Spiritomb|47/100|[from] item: Leftovers\n|upkeep\n|\n|t:|1790845362\n|switch|p2a: Infernape|Infernape|84/100\n|turn|18\n|\n|t:|1790845364\n|switch|p1a: Gyarados|Gyarados|67/100\n|-ability|p1a: Gyarados|Intimidate|boost\n|-unboost|p2a: Infernape|atk|1\n|move|p2a: Infernape|Fire Blast|p1a: Gyarados\n|-resisted|p1a: Gyarados\n|-damage|p1a: Gyarados|38/100\n|\n|upkeep\n|turn|19\n|\n|t:|1790845375\n|move|p2a: Infernape|Ice Punch|p1a: Gyarados\n|-damage|p1a: Gyarados|17/100\n|-damage|p2a: Infernape|68/100|[from] item: Rocky Helmet|[of] p1a: Gyarados\n|move|p1a: Gyarados|Stone Edge|p2a: Infernape\n|-damage|p2a: Infernape|0 fnt\n|faint|p2a: Infernape\n|\n|upkeep\n|\n|t:|1790845380\n|switch|p2a: Gouging Fire|Gouging Fire|100/100\n|turn|20\n|\n|t:|1790845384\n|move|p2a: Gouging Fire|Heat Crash|p1a: Gyarados\n|-resisted|p1a: Gyarados\n|-damage|p1a: Gyarados|0 fnt\n|-damage|p2a: Gouging Fire|84/100|[from] item: Rocky Helmet|[of] p1a: Gyarados\n|faint|p1a: Gyarados\n|\n|upkeep\n|\n|t:|1790845384\n|switch|p1a: Spiritomb|Spiritomb|47/100\n|turn|21\n|\n|t:|1790845386\n|-terastallize|p1a: Spiritomb|Fairy\n|move|p2a: Gouging Fire|Heat Crash|p1a: Spiritomb\n|-damage|p1a: Spiritomb|2/100\n|move|p1a: Spiritomb|Soul Toll|p2a: Gouging Fire\n|-crit|p2a: Gouging Fire\n|-damage|p2a: Gouging Fire|40/100\n|\n|-heal|p1a: Spiritomb|9/100|[from] item: Leftovers\n|upkeep\n|turn|22\n|\n|t:|1790845390\n|move|p2a: Gouging Fire|Morning Sun|p2a: Gouging Fire\n|-heal|p2a: Gouging Fire|89/100\n|move|p1a: Spiritomb|Soul Toll|p2a: Gouging Fire\n|-damage|p2a: Gouging Fire|58/100\n|\n|-heal|p1a: Spiritomb|15/100|[from] item: Leftovers\n|upkeep\n|turn|23\n|\n|t:|1790845392\n|move|p2a: Gouging Fire|Morning Sun|p2a: Gouging Fire\n|-heal|p2a: Gouging Fire|100/100\n|move|p1a: Spiritomb|Soul Toll|p2a: Gouging Fire\n|-damage|p2a: Gouging Fire|71/100\n|\n|-heal|p1a: Spiritomb|21/100|[from] item: Leftovers\n|upkeep\n|turn|24\n|\n|t:|1790845395\n|move|p2a: Gouging Fire|Heat Crash|p1a: Spiritomb\n|-ability|p1a: Spiritomb|Keystone Legion\n|-message|The spirits of the keystone shield Spiritomb!\n|-start|p2a: Gouging Fire|Curse|[of] p1a: Spiritomb\n|-damage|p1a: Spiritomb|1/100\n|move|p1a: Spiritomb|Soul Toll|p2a: Gouging Fire\n|-damage|p2a: Gouging Fire|10/100\n|-heal|p1a: Spiritomb|29/100|[from] drain|[of] p2a: Gouging Fire\n|\n|-heal|p1a: Spiritomb|35/100|[from] item: Leftovers\n|-damage|p2a: Gouging Fire|0 fnt|[from] Curse\n|faint|p2a: Gouging Fire\n|-message|A soul joins the legion. Spiritomb's keystone mends!\n|-end|p2a: Gouging Fire|Protosynthesis|[silent]\n|\n|win|Bunny Stockfish\n",
	"inputlog": ">start {\"formatid\":\"gen9rpou\",\"seed\":\"sodium,0e04a9927b43d0988cd7d19f23454f8d\",\"rated\":\"Rated battle\"}\n>player p1 {\"name\":\"Bunny Stockfish\",\"avatar\":\"bunny.png\",\"team\":\"Togekiss||HeavyDutyBoots|SereneGrace|AirSlash,NastyPlot,AlluringVoice,VelvetPress|Modest|252,,,252,4,|N|,0,,,,|||,,,,,Steel]Espeon||LifeOrb|Prescience|Psychic,ShadowBall,AlluringVoice,VelvetGuard|Timid|,,,252,4,252|N|,0,,,,|||,,,,,Psychic]Spiritomb||Leftovers|KeystoneLegion|SoulToll,StrengthSap,WillOWisp,CarrionFeast|Calm|252,,4,,252,|N||||,,,,,Fairy]Gyarados||RockyHelmet|Intimidate|WaveCharge,StoneEdge,DragonDance,Taunt|Adamant|,252,,,4,252|N||||,,,,,Dragon]Tinkaton||AirBalloon|MoldBreaker|StealthRock,GigatonHammer,VelvetPress,KnockOff|Jolly|252,,,,24,232|N||||,,,,,Ghost]Ferrothorn||Leftovers|IronBarbs|PowerWhip,StealthRock,GrassyGlide,ThunderWave|Impish|252,,252,,4,|N||||,,,,,Ghost\",\"rating\":1346}\n>player p2 {\"name\":\"SlimeQueenSamantha\",\"avatar\":\"queen.png\",\"team\":\"Gouging Fire||HeavyDutyBoots|Protosynthesis|HeatCrash,Earthquake,DragonDance,MorningSun|Jolly|,252,,,4,252|N||||,,,,,Fairy]Torkoal||HeatRock|Drought|LavaPlume,RapidSpin,StealthRock,WillOWisp|Bold|248,,252,,8,|N||||,,,,,Dragon]Infernape||HeavyDutyBoots|CrownofFlame|CloseCombat,FireBlast,IcePunch,Uturn|Hasty|,252,,4,,252|N||||,,,,,Fighting]Leafeon||FireGem|Solstice|LeafBlade,Earthquake,SwordsDance,TeraBlast|Naive|,252,,4,,252|N||||,,,,,Fire]Landorus|LandorusTherian|Leftovers|Intimidate|Earthquake,Uturn,Defog,KnockOff|Careful|252,4,,,252,|N||||,,,,,Water]Walking Wake||ChoiceSpecs|Protosynthesis|HydroSteam,DracoMeteor,Flamethrower,DragonPulse|Timid|12,,,244,,252|N|,0,,,,|||,,,,,Water\",\"rating\":1534}\n>chat ☆Bunny Stockfish|Good luck! Playing on **stockfish**.\n>p1 team 2, 5, 4, 1, 3, 6\n>p2 team 3, 2, 1, 4, 5, 6\n>p1 move psychic dynamax\n>p2 switch 2\n>p2 switch 6\n>p1 move alluringvoice dynamax\n>p2 move hydrosteam terastallize\n>p1 move psychic dynamax\n>p2 move hydrosteam\n>p1 switch 4\n>p1 move alluringvoice\n>p2 move hydrosteam\n>p2 switch 2\n>p1 move airslash\n>p2 move uturn\n>p2 switch 5\n>p1 switch 2\n>p1 move stealthrock\n>p2 move knockoff\n>p1 switch 6\n>p2 move defog\n>p1 move stealthrock\n>p2 switch 5\n>p1 switch 3\n>p2 move fireblast\n>p1 move wavecharge\n>p2 move uturn\n>p2 switch 5\n>p1 move wavecharge\n>p2 move defog\n>p2 switch 4\n>p1 switch 3\n>p2 move swordsdance\n>p1 move thunderwave\n>p2 move earthquake dynamax\n>p1 move powerwhip\n>p2 move earthquake dynamax\n>p1 switch 6\n>p1 move gigatonhammer\n>p2 move earthquake dynamax\n>p1 switch 5\n>p1 move soultoll\n>p2 move leafblade\n>p1 move soultoll\n>p2 move leafblade\n>p2 switch 5\n>p1 switch 3\n>p2 move fireblast\n>p1 move stoneedge\n>p2 move icepunch\n>p2 switch 3\n>p1 move stoneedge\n>p2 move heatcrash\n>p1 switch 3\n>p1 move soultoll terastallize\n>p2 move heatcrash\n>p1 move soultoll\n>p2 move morningsun\n>p1 move soultoll\n>p2 move morningsun\n>p1 move soultoll\n>p2 move heatcrash",
	"uploadtime": 1790845395
}