{
	"id": "gen9rpou-3-tlizxc",
	"format": "[Gen 9] RP OU",
	"players": [
		"Bunny Stockfish",
		"SlimeQueenSamantha"
	],
	"rating": null,
	"log": "|j|☆Bunny Stockfish\n|j|☆SlimeQueenSamantha\n|t:|1789677604\n|gametype|singles\n|badge|p1|silver|gen9rpou|2-2\n|badge|p2|gold|gen9rpou|1-1\n|player|p1|Bunny Stockfish|bunny.png|1431\n|player|p2|SlimeQueenSamantha|queen.png|1536\n|gen|9\n|tier|[Gen 9] RP OU\n|rated|\n|rule|HP Percentage Mod: HP is shown in percentages\n|rule|Endless Battle Clause: Forcing endless battles is banned\n|rule|Species Clause: Limit one of each Pokémon\n|rule|OHKO Clause: OHKO moves are banned\n|rule|Evasion Clause: Evasion abilities, items, and moves are banned\n|rule|Evasion Abilities Clause: Evasion abilities are banned\n|rule|Evasion Items Clause: Evasion items are banned\n|rule|Evasion Moves Clause: Evasion moves are banned\n|rule|Sleep Clause Mod: Limit one foe put to sleep\n|clearpoke\n|poke|p1|Empoleon|\n|poke|p1|Swampert|\n|poke|p1|Zapdos|\n|poke|p1|Togekiss|\n|poke|p1|Kingambit|\n|poke|p1|Lucario|\n|poke|p2|Regieleki|\n|poke|p2|Landorus-Therian, M|\n|poke|p2|Genesect|\n|poke|p2|Simipour|\n|poke|p2|Diancie|\n|poke|p2|Ogerpon-Wellspring, F|\n|teampreview\n|c|☆Bunny Stockfish|Good luck! Playing on **stockfish**.\n|\n|t:|1789677614\n|teamsize|p1|6\n|teamsize|p2|6\n|start\n|switch|p1a: Empoleon|Empoleon|100/100\n|switch|p2a: Diancie|Diancie|100/100\n|turn|1\n|\n|t:|1789677621\n|switch|p2a: Ogerpon|Ogerpon-Wellspring, F|100/100\n|-start|p1a: Empoleon|Dynamax|\n|-heal|p1a: Empoleon|100/100|[silent]\n|move|p1a: Empoleon|Max Geyser|p2a: Ogerpon\n|-immune|p2a: Ogerpon|[from] ability: Water Absorb\n|\n|upkeep\n|turn|2\n|\n|t:|1789677624\n|move|p1a: Empoleon|Max Guard|p1a: Empoleon\n|-singleturn|p1a: Empoleon|Max Guard\n|move|p2a: Ogerpon|Spikes|p1a: Empoleon\n|-sidestart|p1: Bunny Stockfish|Spikes\n|\n|upkeep\n|turn|3\n|\n|t:|1789677626\n|-end|p1a: Empoleon|Dynamax\n|-heal|p1a: Empoleon|100/100|[silent]\n|switch|p1a: Zapdos|Zapdos|100/100\n|move|p2a: Ogerpon|Spikes|p1a: Zapdos\n|-sidestart|p1: Bunny Stockfish|Spikes\n|\n|upkeep\n|turn|4\n|\n|t:|1789677632\n|move|p2a: Ogerpon|Knock Off|p1a: Zapdos\n|-damage|p1a: Zapdos|74/100\n|-enditem|p1a: Zapdos|Heavy-Duty Boots|[from] move: Knock Off|[of] p2a: Ogerpon\n|move|p1a: Zapdos|Hurricane|p2a: Ogerpon\n|-supereffective|p2a: Ogerpon\n|-damage|p2a: Ogerpon|0 fnt\n|faint|p2a: Ogerpon\n|\n|upkeep\n|\n|t:|1789677639\n|switch|p2a: Diancie|Diancie|100/100\n|turn|5\n|\n|t:|1789677643\n|switch|p1a: Empoleon|Empoleon|100/100\n|-damage|p1a: Empoleon|84/100|[from] Spikes\n|detailschange|p2a: Diancie|Diancie-Mega\n|-mega|p2a: Diancie|Diancie|Diancite\n|move|p2a: Diancie|Stealth Rock|p1a: Empoleon\n|-sidestart|p1: Bunny Stockfish|move: Stealth Rock\n|\n|-heal|p1a: Empoleon|90/100|[from] item: Leftovers\n|upkeep\n|turn|6\n|\n|t:|1789677647\n|switch|p2a: Simipour|Simipour|100/100\n|-weather|RainDance|[from] ability: Tidal Surge|[of] p2a: Simipour\n|move|p1a: Empoleon|Imperial Torrent|p2a: Simipour\n|-resisted|p2a: Simipour\n|-damage|p2a: Simipour|31/100\n|\n|-weather|RainDance|[upkeep]\n|-heal|p1a: Empoleon|96/100|[from] item: Leftovers\n|upkeep\n|turn|7\n|\n|t:|1789677650\n|move|p2a: Simipour|Torrent Rush||[still]\n|cant|p1a: Empoleon|ability: Emperor's Pride|Torrent Rush|[of] p2a: Simipour\n|move|p1a: Empoleon|Imperial Torrent|p2a: Simipour\n|-resisted|p2a: Simipour\n|-damage|p2a: Simipour|0 fnt\n|faint|p2a: Simipour\n|\n|-weather|RainDance|[upkeep]\n|-heal|p1a: Empoleon|100/100|[from] item: Leftovers\n|upkeep\n|\n|t:|1789677654\n|switch|p2a: Regieleki|Regieleki|100/100\n|turn|8\n|\n|t:|1789677655\n|move|p2a: Regieleki|Thunder|p1a: Empoleon\n|-supereffective|p1a: Empoleon\n|-damage|p1a: Empoleon|0 fnt\n|faint|p1a: Empoleon\n|\n|-weather|RainDance|[upkeep]\n|upkeep\n|\n|t:|1789677656\n|switch|p1a: Swampert|Swampert|100/100\n|-damage|p1a: Swampert|84/100|[from] Spikes\n|-damage|p1a: Swampert|78/100|[from] Stealth Rock\n|turn|9\n|\n|t:|1789677660\n|switch|p2a: Landorus|Landorus-Therian, M|100/100\n|-ability|p2a: Landorus|Intimidate|boost\n|-unboost|p1a: Swampert|atk|1\n|move|p1a: Swampert|Earth Power|p2a: Landorus\n|-immune|p2a: Landorus\n|\n|-weather|RainDance|[upkeep]\n|upkeep\n|turn|10\n|\n|t:|1789677664\n|move|p2a: Landorus|Toxic|p1a: Swampert\n|-status|p1a: Swampert|tox\n|move|p1a: Swampert|Ice Punch|p2a: Landorus\n|-supereffective|p2a: Landorus\n|-crit|p2a: Landorus\n|-damage|p2a: Landorus|8/100\n|\n|-weather|none\n|-heal|p2a: Landorus|14/100|[from] item: Leftovers\n|-damage|p1a: Swampert|71/100 tox|[from] psn\n|upkeep\n|turn|11\n|\n|t:|1789677668\n|move|p2a: Landorus|Earthquake|p1a: Swampert\n|-damage|p1a: Swampert|42/100 tox\n|-enditem|p1a: Swampert|Sitrus Berry|[eat]\n|-heal|p1a: Swampert|67/100 tox|[from] item: Sitrus Berry\n|move|p1a: Swampert|Ice Punch|p2a: Landorus\n|-supereffective|p2a: Landorus\n|-damage|p2a: Landorus|0 fnt\n|faint|p2a: Landorus\n|\n|-damage|p1a: Swampert|54/100 tox|[from] psn\n|upkeep\n|\n|t:|1789677672\n|switch|p2a: Genesect|Genesect|100/100\n|-ability|p2a: Genesect|Download|boost\n|-boost|p2a: Genesect|spa|1\n|turn|12\n|\n|t:|1789677674\n|move|p2a: Genesect|Ice Beam|p1a: Swampert\n|-damage|p1a: Swampert|23/100 tox\n|move|p1a: Swampert|Earth Power|p2a: Genesect\n|-damage|p2a: Genesect|66/100\n|-unboost|p2a: Genesect|spd|1\n|\n|-damage|p1a: Swampert|5/100 tox|[from] psn\n|upkeep\n|turn|13\n|\n|t:|1789677677\n|switch|p1a: Kingambit|Kingambit|100/100\n|-damage|p1a: Kingambit|84/100|[from] Spikes\n|-damage|p1a: Kingambit|78/100|[from] Stealth Rock\n|-activate|p1a: Kingambit|ability: Supreme Overlord\n|-start|p1a: Kingambit|fallen1|[silent]\n|move|p2a: Genesect|Ice Beam|p1a: Kingambit\n|-resisted|p1a: Kingambit\n|-damage|p1a: Kingambit|57/100\n|\n|upkeep\n|turn|14\n|\n|t:|1789677680\n|switch|p2a: Diancie|Diancie-Mega|100/100\n|move|p1a: Kingambit|Sucker Punch||[still]\n|-fail|p1a: Kingambit\n|\n|upkeep\n|turn|15\n|\n|t:|1789677686\n|move|p2a: Diancie|Moonblast|p1a: Kingambit\n|-damage|p1a: Kingambit|0 fnt\n|faint|p1a: Kingambit\n|-end|p1a: Kingambit|fallen1|[silent]\n|\n|upkeep\n|\n|t:|1789677686\n|switch|p1a: Togekiss|Togekiss|100/100\n|turn|16\n|\n|t:|1789677689\n|move|p2a: Diancie|Diamond Storm|p1a: Togekiss\n|-supereffective|p1a: Togekiss\n|-damage|p1a: Togekiss|7/100\n|move|p1a: Togekiss|Nasty Plot|p1a: Togekiss\n|-boost|p1a: Togekiss|spa|2\n|\n|upkeep\n|turn|17\n|\n|t:|1789677692\n|move|p2a: Diancie|Moonblast|p1a: Togekiss\n|-damage|p1a: Togekiss|0 fnt\n|faint|p1a: Togekiss\n|\n|upkeep\n|\n|t:|1789677692\n|switch|p1a: Lucario|Lucario|100/100\n|-damage|p1a: Lucario|84/100|[from] Spikes\n|-damage|p1a: Lucario|81/100|[from] Stealth Rock\n|turn|18\n|\n|t:|1789677695\n|move|p2a: Diancie|Moonblast|p1a: Lucario\n|-damage|p1a: Lucario|0 fnt\n|faint|p1a: Lucario\n|\n|upkeep\n|\n|t:|1789677695\n|switch|p1a: Zapdos|Zapdos|74/100\n|-damage|p1a: Zapdos|49/100|[from] Stealth Rock\n|turn|19\n|\n|t:|1789677697\n|move|p2a: Diancie|Moonblast|p1a: Zapdos\n|-crit|p1a: Zapdos\n|-damage|p1a: Zapdos|0 fnt\n|faint|p1a: Zapdos\n|\n|upkeep\n|\n|t:|1789677697\n|switch|p1a: Swampert|Swampert|5/100 tox\n|-damage|p1a: Swampert|0 fnt|[from] Spikes\n|faint|p1a: Swampert\n|\n|win|SlimeQueenSamantha\n",
	"inputlog": ">start {\"formatid\":\"gen9rpou\",\"seed\":\"sodium,927812de812efb51060d32d5a615cecd\",\"rated\":\"Rated battle\"}\n>player p1 {\"name\":\"Bunny Stockfish\",\"avatar\":\"bunny.png\",\"team\":\"Empoleon||Leftovers|EmperorsPride|ImperialTorrent,Roost,StealthRock,WaveCharge|Calm|252,,4,,252,|N||||,,,,,Flying]Swampert||SitrusBerry|Damp|EarthPower,SludgeWave,IcePunch,WaveCharge|Relaxed|248,,252,,8,|N||||,,,,,Ghost]Zapdos||HeavyDutyBoots|Static|Hurricane,VoltSwitch,ThunderWave,Roost|Bold|248,,252,8,,|N|,0,,,,|||,,,,,Fairy]Togekiss||HeavyDutyBoots|SereneGrace|AirSlash,NastyPlot,AlluringVoice,AuraSphere|Modest|252,,,252,4,|N||||,,,,,Fairy]Kingambit||LumBerry|SupremeOverlord|SwordsDance,SuckerPunch,CarrionFeast,IronHead|Adamant|,252,4,,,252|N||||,,,,,Ghost]Lucario||ChoiceSpecs|InnerFocus|RockSmash,BrickBreak,Reversal,Metronome|Adamant|4,252,,,,252|N||||,,,,,Fighting\",\"rating\":1431}\n>player p2 {\"name\":\"SlimeQueenSamantha\",\"avatar\":\"queen.png\",\"team\":\"Regieleki||ChoiceSpecs|Transistor|Thunder,TeraBlast,VoltSwitch,RapidSpin|Timid|4,,,252,,252|N||||,,,,,Ice]Landorus|LandorusTherian|Leftovers|Intimidate|Earthquake,Uturn,Defog,Toxic|Impish|248,,16,,,244|M||||,,,,,Ground]Genesect||ChoiceScarf|Download|Uturn,IronHead,Flamethrower,IceBeam|Hasty|,252,,4,,252|N||||,,,,,Bug]Simipour||ElementalBanana|TidalSurge|TorrentRush,IceBeam,NastyPlot,FocusBlast|Timid|,,,252,4,252|N||||,,,,,Water]Diancie||Diancite|ClearBody|DiamondStorm,Moonblast,Explosion,StealthRock|Hasty|108,,,184,,216|N||||,,,,,Rock]Ogerpon|OgerponWellspring|WellspringMask|WaterAbsorb|IvyCudgel,Uturn,KnockOff,Spikes|Jolly|,252,,,4,252|F||||,,,,,Water\",\"rating\":1536}\n>chat ☆Bunny Stockfish|Good luck! Playing on **stockfish**.\n>p1 team 1, 6, 4, 3, 5, 2\n>p2 team 5, 2, 3, 4, 1, 6\n>p1 move imperialtorrent dynamax\n>p2 switch 6\n>p1 move stealthrock dynamax\n>p2 move spikes\n>p1 switch 4\n>p2 move spikes\n>p1 move hurricane\n>p2 move knockoff\n>p2 switch 6\n>p1 switch 4\n>p2 move stealthrock mega\n>p1 move imperialtorrent\n>p2 switch 4\n>p1 move imperialtorrent\n>p2 move torrentrush\n>p2 switch 5\n>p1 move imperialtorrent\n>p2 move thunder\n>p1 switch 6\n>p1 move earthpower\n>p2 switch 2\n>p1 move icepunch\n>p2 move toxic\n>p1 move icepunch\n>p2 move earthquake\n>p2 switch 3\n>p1 move earthpower\n>p2 move icebeam\n>p1 switch 5\n>p2 move icebeam\n>p1 move suckerpunch\n>p2 switch 4\n>p1 move ironhead\n>p2 move moonblast\n>p1 switch 3\n>p1 move nastyplot\n>p2 move diamondstorm\n>p1 move alluringvoice\n>p2 move moonblast\n>p1 switch 2\n>p1 move brickbreak\n>p2 move moonblast\n>p1 switch 4\n>p1 move voltswitch\n>p2 move moonblast\n>p1 switch 5",
	"uploadtime": 1789677697
}