{
	"id": "gen9rprandombattle-3-tlf70i",
	"format": "[Gen 9] RP Random Battle",
	"players": [
		"SlimeQueenSamantha",
		"Bunny Normal rpRB"
	],
	"rating": null,
	"log": "|j|☆SlimeQueenSamantha\n|j|☆Bunny Normal rpRB\n|t:|1789504069\n|gametype|singles\n|player|p1|SlimeQueenSamantha|queen.png|1215\n|player|p2|Bunny Normal rpRB|bunny.png|1211\n|gen|9\n|tier|[Gen 9] RP Random Battle\n|rated|\n|rule|Species Clause: Limit one of each Pokémon\n|rule|HP Percentage Mod: HP is shown in percentages\n|rule|Sleep Clause Mod: Limit one foe put to sleep\n|rule|Illusion Level Mod: Illusion disguises the Pokémon's true level\n|\n|t:|1789504069\n|teamsize|p1|6\n|teamsize|p2|6\n|start\n|switch|p1a: Dragonite|Dragonite, L74, M|257/257\n|switch|p2a: Noivern|Noivern, L82, F|274/274\n|turn|1\n|c|☆Bunny Normal rpRB|Good luck! Playing on **normal**.\n|\n|t:|1789504076\n|-terastallize|p2a: Noivern|Normal\n|-terastallize|p1a: Dragonite|Steel\n|move|p2a: Noivern|Draco Meteor|p1a: Dragonite|[miss]\n|-miss|p2a: Noivern|p1a: Dragonite\n|move|p1a: Dragonite|Dragon Dance|p1a: Dragonite\n|-boost|p1a: Dragonite|atk|1\n|-boost|p1a: Dragonite|spe|1\n|\n|upkeep\n|turn|2\n|\n|t:|1789504085\n|move|p2a: Noivern|Draco Meteor|p1a: Dragonite\n|-resisted|p1a: Dragonite\n|-damage|p1a: Dragonite|207/257\n|-unboost|p2a: Noivern|spa|2\n|move|p1a: Dragonite|Dragon Dance|p1a: Dragonite\n|-boost|p1a: Dragonite|atk|1\n|-boost|p1a: Dragonite|spe|1\n|\n|upkeep\n|turn|3\n|\n|t:|1789504088\n|move|p1a: Dragonite|Dragon Dance|p1a: Dragonite\n|-boost|p1a: Dragonite|atk|1\n|-boost|p1a: Dragonite|spe|1\n|move|p2a: Noivern|Draco Meteor|p1a: Dragonite\n|-resisted|p1a: Dragonite\n|-damage|p1a: Dragonite|155/257\n|-unboost|p2a: Noivern|spa|2\n|\n|upkeep\n|turn|4\n|\n|t:|1789504090\n|move|p1a: Dragonite|Roost|p1a: Dragonite\n|-heal|p1a: Dragonite|257/257\n|move|p2a: Noivern|Draco Meteor|p1a: Dragonite\n|-resisted|p1a: Dragonite\n|-damage|p1a: Dragonite|241/257\n|-unboost|p2a: Noivern|spa|2\n|\n|upkeep\n|turn|5\n|\n|t:|1789504092\n|move|p1a: Dragonite|Dragon Dance|p1a: Dragonite\n|-boost|p1a: Dragonite|atk|1\n|-boost|p1a: Dragonite|spe|1\n|move|p2a: Noivern|Draco Meteor|p1a: Dragonite\n|-resisted|p1a: Dragonite\n|-damage|p1a: Dragonite|218/257\n|\n|upkeep\n|turn|6\n|\n|t:|1789504095\n|move|p1a: Dragonite|Dragon Dance|p1a: Dragonite\n|-boost|p1a: Dragonite|atk|1\n|-boost|p1a: Dragonite|spe|1\n|move|p2a: Noivern|Draco Meteor|p1a: Dragonite\n|-resisted|p1a: Dragonite\n|-damage|p1a: Dragonite|192/257\n|\n|upkeep\n|turn|7\n|\n|t:|1789504097\n|move|p1a: Dragonite|Dragon Dance|p1a: Dragonite\n|-boost|p1a: Dragonite|atk|1\n|-boost|p1a: Dragonite|spe|1\n|move|p2a: Noivern|Draco Meteor|p1a: Dragonite\n|-resisted|p1a: Dragonite\n|-damage|p1a: Dragonite|167/257\n|\n|upkeep\n|turn|8\n|\n|t:|1789504154\n|move|p1a: Dragonite|Earthquake|p2a: Noivern\n|-damage|p2a: Noivern|0 fnt\n|faint|p2a: Noivern\n|\n|upkeep\n|\n|t:|1789504154\n|switch|p2a: Krookodile|Krookodile, L79, M|280/280\n|-ability|p2a: Krookodile|Intimidate|boost\n|-unboost|p1a: Dragonite|atk|1\n|turn|9\n|\n|t:|1789504157\n|move|p1a: Dragonite|Earthquake|p2a: Krookodile\n|-damage|p2a: Krookodile|0 fnt\n|faint|p2a: Krookodile\n|\n|upkeep\n|\n|t:|1789504157\n|switch|p2a: Ribombee|Ribombee, L83, M|235/235\n|turn|10\n|\n|t:|1789504161\n|move|p1a: Dragonite|Earthquake|p2a: Ribombee\n|-resisted|p2a: Ribombee\n|-damage|p2a: Ribombee|66/235\n|move|p2a: Ribombee|U-turn|p1a: Dragonite\n|-resisted|p1a: Dragonite\n|-damage|p1a: Dragonite|143/257\n|\n|t:|1789504161\n|switch|p2a: Okidogi|Okidogi, L77, M|262/262|[from] U-turn\n|\n|upkeep\n|turn|11\n|\n|t:|1789504164\n|move|p1a: Dragonite|Earthquake|p2a: Okidogi\n|-supereffective|p2a: Okidogi\n|-damage|p2a: Okidogi|0 fnt\n|faint|p2a: Okidogi\n|\n|upkeep\n|\n|t:|1789504164\n|switch|p2a: Luvdisc|Luvdisc, M|247/247\n|turn|12\n|\n|t:|1789504168\n|move|p1a: Dragonite|Earthquake|p2a: Luvdisc\n|-damage|p2a: Luvdisc|0 fnt\n|faint|p2a: Luvdisc\n|\n|upkeep\n|\n|t:|1789504168\n|switch|p2a: Ditto|Ditto, L87|225/225\n|-transform|p2a: Ditto|p1a: Dragonite|[from] ability: Imposter\n|-start|p2a: Ditto|typechange|Dragon/Flying|[silent]\n|turn|13\n|\n|t:|1789504172\n|move|p2a: Ditto|Earthquake|p1a: Dragonite\n|-supereffective|p1a: Dragonite\n|-damage|p1a: Dragonite|0 fnt\n|faint|p1a: Dragonite\n|\n|upkeep\n|\n|t:|1789504178\n|switch|p1a: Lapras|Lapras, L87, M|368/368\n|turn|14\n|\n|t:|1789504181\n|move|p2a: Ditto|Earthquake|p1a: Lapras\n|-damage|p1a: Lapras|81/368\n|move|p1a: Lapras|Freeze-Dry|p2a: Ditto\n|-supereffective|p2a: Ditto\n|-damage|p2a: Ditto|69/225\n|-status|p2a: Ditto|frz\n|\n|upkeep\n|turn|15\n|\n|t:|1789504184\n|cant|p2a: Ditto|frz\n|move|p1a: Lapras|Freeze-Dry|p2a: Ditto\n|-supereffective|p2a: Ditto\n|-crit|p2a: Ditto\n|-damage|p2a: Ditto|0 fnt\n|faint|p2a: Ditto\n|\n|upkeep\n|\n|t:|1789504184\n|switch|p2a: Ribombee|Ribombee, L83, M|66/235\n|turn|16\n|\n|t:|1789504187\n|move|p2a: Ribombee|Moonblast|p1a: Lapras\n|-damage|p1a: Lapras|0 fnt\n|faint|p1a: Lapras\n|\n|upkeep\n|\n|t:|1789504190\n|switch|p1a: Snorlax|Snorlax, L82, F|397/397\n|turn|17\n|\n|t:|1789504193\n|move|p2a: Ribombee|Moonblast|p1a: Snorlax\n|-damage|p1a: Snorlax|306/397\n|-unboost|p1a: Snorlax|spa|1\n|move|p1a: Snorlax|Body Slam|p2a: Ribombee\n|-damage|p2a: Ribombee|0 fnt\n|faint|p2a: Ribombee\n|\n|win|SlimeQueenSamantha\n",
	"inputlog": ">start {\"formatid\":\"gen9rprandombattle\",\"seed\":\"sodium,09402386e0ab9028a245c4f27c2ebb45\",\"rated\":\"Rated battle\"}\n>player p1 {\"name\":\"SlimeQueenSamantha\",\"avatar\":\"queen.png\",\"rating\":1215,\"seed\":\"sodium,1704b3d37c74227b7ead4239a333042a\"}\n>player p2 {\"name\":\"Bunny Normal rpRB\",\"avatar\":\"bunny.png\",\"rating\":1211,\"seed\":\"sodium,74933b748b92c711f8a85080288e983e\"}\n>chat ☆Bunny Normal rpRB|Good luck! Playing on **normal**.\n>p1 move dragondance terastallize\n>p2 move dracometeor terastallize\n>p1 move dragondance\n>p2 move dracometeor\n>p1 move dragondance\n>p2 move dracometeor\n>p1 move roost\n>p2 move dracometeor\n>p1 move dragondance\n>p2 move dracometeor\n>p1 move dragondance\n>p2 move dracometeor\n>p1 move dragondance\n>p2 move dracometeor\n>p1 move earthquake\n>p2 move dracometeor\n>p2 switch 4\n>p1 move earthquake\n>p2 move earthquake\n>p2 switch 2\n>p1 move earthquake\n>p2 move uturn\n>p2 switch 5\n>p1 move earthquake\n>p2 move drainpunch\n>p2 switch 3\n>p1 move earthquake\n>p2 move surf\n>p2 switch 6\n>p1 move outrage\n>p2 move earthquake\n>p1 switch 5\n>p1 move freezedry\n>p2 move earthquake\n>p1 move freezedry\n>p2 move earthquake\n>p2 switch 5\n>p1 move freezedry\n>p2 move moonblast\n>p1 switch 6\n>p1 move bodyslam\n>p2 move moonblast",
	"uploadtime": 1789504193
}