{
	"id": "gen9rpbattle-2-tlq1sq",
	"format": "[Gen 9] RP Battle",
	"players": [
		"School Kid Dan",
		"SlimeQueenSamantha"
	],
	"rating": null,
	"log": "|j|☆School Kid Dan\n|j|☆SlimeQueenSamantha\n|t:|1790008431\n|gametype|singles\n|player|p1|School Kid Dan|schoolkid-gen4|\n|player|p2|SlimeQueenSamantha|queen.png|\n|gen|9\n|tier|[Gen 9] RP Battle\n|clearpoke\n|poke|p1|Elekid, L12|\n|poke|p1|Squawkabilly-Blue, L13|\n|poke|p2|Chikorita, L13|\n|teampreview\n|inactive|Battle timer is ON: inactive players will automatically lose when time's up. (requested by School Kid Dan)\n|c|☆School Kid Dan|⚠️ Slime Queen Samantha can't use held items (they unlock with your first badge) yet (not blocked, so just don't).\n|c|☆School Kid Dan|🔒 Z-Moves, Dynamax, Terastallization are locked until the story gives Slime Queen Samantha the item; the battle won't allow them.\n|c|☆School Kid Dan|Your Showdown team must match your box: only Pokémon y\n|c|☆School Kid Dan|You look like a trainer. Let's battle!\n|\n|t:|1790008433\n|teamsize|p1|2\n|teamsize|p2|1\n|start\n|switch|p1a: Elekid|Elekid, L12|100/100\n|switch|p2a: Chikorita|Chikorita, L13|100/100\n|turn|1\n|\n|t:|1790008436\n|move|p1a: Elekid|Thunder Shock|p2a: Chikorita\n|-resisted|p2a: Chikorita\n|-damage|p2a: Chikorita|94/100\n|-status|p2a: Chikorita|par\n|cant|p2a: Chikorita|par\n|\n|upkeep\n|turn|2\n|\n|t:|1790008438\n|move|p1a: Elekid|Charge|p1a: Elekid\n|-boost|p1a: Elekid|spd|1\n|-start|p1a: Elekid|Charge\n|move|p2a: Chikorita|Curse|p2a: Chikorita\n|-unboost|p2a: Chikorita|spe|1\n|-boost|p2a: Chikorita|atk|1\n|-boost|p2a: Chikorita|def|1\n|\n|upkeep\n|turn|3\n|\n|t:|1790008440\n|move|p1a: Elekid|Leer|p2a: Chikorita\n|-unboost|p2a: Chikorita|def|1\n|move|p2a: Chikorita|Curse|p2a: Chikorita\n|-unboost|p2a: Chikorita|spe|1\n|-boost|p2a: Chikorita|atk|1\n|-boost|p2a: Chikorita|def|1\n|\n|upkeep\n|turn|4\n|\n|t:|1790008444\n|move|p1a: Elekid|Leer|p2a: Chikorita\n|-unboost|p2a: Chikorita|def|1\n|cant|p2a: Chikorita|par\n|\n|upkeep\n|turn|5\n|\n|t:|1790008446\n|move|p1a: Elekid|Thunder Shock|p2a: Chikorita\n|-resisted|p2a: Chikorita\n|-damage|p2a: Chikorita|81/100 par\n|-end|p1a: Elekid|Charge|[silent]\n|move|p2a: Chikorita|Curse|p2a: Chikorita\n|-unboost|p2a: Chikorita|spe|1\n|-boost|p2a: Chikorita|atk|1\n|-boost|p2a: Chikorita|def|1\n|\n|upkeep\n|turn|6\n|\n|t:|1790008448\n|move|p1a: Elekid|Swift|p2a: Chikorita\n|-damage|p2a: Chikorita|68/100 par\n|cant|p2a: Chikorita|par\n|\n|upkeep\n|turn|7\n|\n|t:|1790008450\n|move|p1a: Elekid|Thunder Shock|p2a: Chikorita\n|-resisted|p2a: Chikorita\n|-damage|p2a: Chikorita|61/100 par\n|move|p2a: Chikorita|Leech Seed|p1a: Elekid\n|-start|p1a: Elekid|move: Leech Seed\n|\n|-damage|p1a: Elekid|88/100|[from] Leech Seed|[of] p2a: Chikorita\n|-heal|p2a: Chikorita|72/100 par|[silent]\n|upkeep\n|turn|8\n|\n|t:|1790008453\n|move|p1a: Elekid|Thunder Shock|p2a: Chikorita\n|-resisted|p2a: Chikorita\n|-crit|p2a: Chikorita\n|-damage|p2a: Chikorita|64/100 par\n|move|p2a: Chikorita|Curse|p2a: Chikorita\n|-unboost|p2a: Chikorita|spe|1\n|-boost|p2a: Chikorita|atk|1\n|-boost|p2a: Chikorita|def|1\n|\n|-damage|p1a: Elekid|76/100|[from] Leech Seed|[of] p2a: Chikorita\n|-heal|p2a: Chikorita|74/100 par|[silent]\n|upkeep\n|turn|9\n|\n|t:|1790008455\n|move|p1a: Elekid|Thunder Shock|p2a: Chikorita\n|-resisted|p2a: Chikorita\n|-damage|p2a: Chikorita|68/100 par\n|move|p2a: Chikorita|Curse|p2a: Chikorita\n|-unboost|p2a: Chikorita|spe|1\n|-boost|p2a: Chikorita|atk|1\n|-boost|p2a: Chikorita|def|1\n|\n|-damage|p1a: Elekid|64/100|[from] Leech Seed|[of] p2a: Chikorita\n|-heal|p2a: Chikorita|79/100 par|[silent]\n|upkeep\n|turn|10\n|\n|t:|1790008456\n|move|p1a: Elekid|Thunder Shock|p2a: Chikorita\n|-resisted|p2a: Chikorita\n|-damage|p2a: Chikorita|72/100 par\n|cant|p2a: Chikorita|par\n|\n|-damage|p1a: Elekid|52/100|[from] Leech Seed|[of] p2a: Chikorita\n|-heal|p2a: Chikorita|83/100 par|[silent]\n|upkeep\n|turn|11\n|\n|t:|1790008458\n|move|p1a: Elekid|Swift|p2a: Chikorita\n|-damage|p2a: Chikorita|70/100 par\n|move|p2a: Chikorita|Curse|p2a: Chikorita\n|-unboost|p2a: Chikorita|spe|1\n|-boost|p2a: Chikorita|atk|1\n|-boost|p2a: Chikorita|def|1\n|\n|-damage|p1a: Elekid|40/100|[from] Leech Seed|[of] p2a: Chikorita\n|-heal|p2a: Chikorita|81/100 par|[silent]\n|upkeep\n|turn|12\n|\n|t:|1790008459\n|move|p1a: Elekid|Swift|p2a: Chikorita\n|-damage|p2a: Chikorita|68/100 par\n|move|p2a: Chikorita|Curse|p2a: Chikorita\n|-boost|p2a: Chikorita|def|1\n|\n|-damage|p1a: Elekid|27/100|[from] Leech Seed|[of] p2a: Chikorita\n|-heal|p2a: Chikorita|79/100 par|[silent]\n|upkeep\n|turn|13\n|\n|t:|1790008461\n|move|p1a: Elekid|Leer|p2a: Chikorita\n|-unboost|p2a: Chikorita|def|1\n|cant|p2a: Chikorita|par\n|\n|-damage|p1a: Elekid|15/100|[from] Leech Seed|[of] p2a: Chikorita\n|-heal|p2a: Chikorita|90/100 par|[silent]\n|upkeep\n|turn|14\n|\n|t:|1790008464\n|move|p1a: Elekid|Swift|p2a: Chikorita\n|-damage|p2a: Chikorita|77/100 par\n|move|p2a: Chikorita|Curse|p2a: Chikorita\n|-boost|p2a: Chikorita|def|1\n|\n|-damage|p1a: Elekid|3/100|[from] Leech Seed|[of] p2a: Chikorita\n|-heal|p2a: Chikorita|87/100 par|[silent]\n|upkeep\n|turn|15\n|\n|t:|1790008467\n|move|p1a: Elekid|Thunder Shock|p2a: Chikorita\n|-resisted|p2a: Chikorita\n|-damage|p2a: Chikorita|81/100 par\n|cant|p2a: Chikorita|par\n|\n|-damage|p1a: Elekid|0 fnt|[from] Leech Seed|[of] p2a: Chikorita\n|-heal|p2a: Chikorita|83/100 par|[silent]\n|faint|p1a: Elekid\n|upkeep\n|\n|t:|1790008467\n|switch|p1a: Squawkabilly|Squawkabilly-Blue, L13|100/100\n|turn|16\n|\n|t:|1790008472\n|move|p1a: Squawkabilly|Aerial Ace|p2a: Chikorita\n|-supereffective|p2a: Chikorita\n|-damage|p2a: Chikorita|44/100 par\n|cant|p2a: Chikorita|par\n|\n|upkeep\n|turn|17\n|\n|t:|1790008476\n|move|p1a: Squawkabilly|Aerial Ace|p2a: Chikorita\n|-supereffective|p2a: Chikorita\n|-damage|p2a: Chikorita|5/100 par\n|cant|p2a: Chikorita|par\n|\n|upkeep\n|turn|18\n|\n|t:|1790008481\n|move|p1a: Squawkabilly|Aerial Ace|p2a: Chikorita\n|-supereffective|p2a: Chikorita\n|-damage|p2a: Chikorita|0 fnt\n|faint|p2a: Chikorita\n|\n|win|School Kid Dan\n",
	"inputlog": ">start {\"formatid\":\"gen9rpbattle\",\"seed\":\"sodium,a7fec4c032e8685633cef5c7ffcf14a8\"}\n>player p1 {\"name\":\"School Kid Dan\",\"avatar\":\"schoolkid-gen4\",\"team\":\"Elekid|||Static|ThunderShock,Swift,Charge,Leer|Timid|252,252,252,252,252,252|N|8,8,8,8,8,8||12|,,,,,Electric]Squawkabilly|SquawkabillyBlue||Hustle|AerialAce,QuickAttack,Growl,Mimic|Impish|252,252,252,252,252,252|N|8,8,8,8,8,8||13|,,,,,Normal\",\"rating\":0}\n>player p2 {\"name\":\"SlimeQueenSamantha\",\"avatar\":\"queen.png\",\"team\":\"Chikorita|||Overgrow|SeedBomb,Synthesis,Curse,LeechSeed|Careful|252,4,,,252,|N|||13|,,,,,Grass\",\"rating\":0}\n>chat ☆School Kid Dan|⚠️ Slime Queen Samantha can't use held items (they unlock with your first badge) yet (not blocked, so just don't).\n>chat ☆School Kid Dan|🔒 Z-Moves, Dynamax, Terastallization are locked until the story gives Slime Queen Samantha the item; the battle won't allow them.\n>chat ☆School Kid Dan|Your Showdown team must match your box: only Pokémon y\n>chat ☆School Kid Dan|You look like a trainer. Let's battle!\n>p1 team 1, 2\n>p2 team 1\n>p1 move thundershock\n>p2 move curse\n>p1 move charge\n>p2 move curse\n>p1 move leer\n>p2 move curse\n>p1 move leer\n>p2 move curse\n>p1 move thundershock\n>p2 move curse\n>p1 move swift\n>p2 move curse\n>p1 move thundershock\n>p2 move leechseed\n>p1 move thundershock\n>p2 move curse\n>p1 move thundershock\n>p2 move curse\n>p1 move thundershock\n>p2 move curse\n>p1 move swift\n>p2 move curse\n>p1 move swift\n>p2 move curse\n>p1 move leer\n>p2 move curse\n>p1 move swift\n>p2 move curse\n>p1 move thundershock\n>p2 move curse\n>p1 switch 2\n>p1 move aerialace\n>p2 move seedbomb\n>p1 move aerialace\n>p2 move synthesis\n>p1 move aerialace\n>p2 move seedbomb",
	"uploadtime": 1790008481
}