{
	"id": "gen9rpou-2-tliz8g",
	"format": "[Gen 9] RP OU",
	"players": [
		"Bunny Stockfish",
		"SlimeQueenSamantha"
	],
	"rating": null,
	"log": "|j|☆Bunny Stockfish\n|j|☆SlimeQueenSamantha\n|t:|1789677049\n|gametype|singles\n|badge|p1|silver|gen9rpou|2-2\n|badge|p2|gold|gen9rpou|1-1\n|player|p1|Bunny Stockfish|bunny.png|1402\n|player|p2|SlimeQueenSamantha|queen.png|1565\n|gen|9\n|tier|[Gen 9] RP OU\n|rated|\n|rule|HP Percentage Mod: HP is shown in percentages\n|rule|Endless Battle Clause: Forcing endless battles is banned\n|rule|Species Clause: Limit one of each Pokémon\n|rule|OHKO Clause: OHKO moves are banned\n|rule|Evasion Clause: Evasion abilities, items, and moves are banned\n|rule|Evasion Abilities Clause: Evasion abilities are banned\n|rule|Evasion Items Clause: Evasion items are banned\n|rule|Evasion Moves Clause: Evasion moves are banned\n|rule|Sleep Clause Mod: Limit one foe put to sleep\n|clearpoke\n|poke|p1|Spiritomb|\n|poke|p1|Roserade|\n|poke|p1|Clefable|\n|poke|p1|Empoleon|\n|poke|p1|Alomomola|\n|poke|p1|Sinistcha|\n|poke|p2|Regieleki|\n|poke|p2|Absol|\n|poke|p2|Landorus-Therian, M|\n|poke|p2|Ferrothorn|\n|poke|p2|Genesect|\n|poke|p2|Simipour|\n|teampreview\n|c|☆Bunny Stockfish|Good luck! Playing on **stockfish**.\n|\n|t:|1789677056\n|teamsize|p1|6\n|teamsize|p2|6\n|start\n|switch|p1a: Empoleon|Empoleon|100/100\n|switch|p2a: Genesect|Genesect|100/100\n|-ability|p2a: Genesect|Download|boost\n|-boost|p2a: Genesect|atk|1\n|turn|1\n|\n|t:|1789677061\n|-start|p1a: Empoleon|Dynamax|\n|-heal|p1a: Empoleon|100/100|[silent]\n|move|p2a: Genesect|U-turn|p1a: Empoleon\n|-resisted|p1a: Empoleon\n|-damage|p1a: Empoleon|87/100\n|\n|t:|1789677066\n|switch|p2a: Ferrothorn|Ferrothorn|100/100|[from] U-turn\n|move|p1a: Empoleon|Max Geyser|p2a: Ferrothorn\n|-resisted|p2a: Ferrothorn\n|-damage|p2a: Ferrothorn|80/100\n|-weather|RainDance\n|\n|-weather|RainDance|[upkeep]\n|-heal|p1a: Empoleon|90/100|[from] item: Leftovers\n|-heal|p2a: Ferrothorn|86/100|[from] item: Leftovers\n|upkeep\n|turn|2\n|\n|t:|1789677071\n|move|p1a: Empoleon|Max Geyser|p2a: Ferrothorn\n|-resisted|p2a: Ferrothorn\n|-damage|p2a: Ferrothorn|51/100\n|move|p2a: Ferrothorn|Stealth Rock|p1a: Empoleon\n|-sidestart|p1: Bunny Stockfish|move: Stealth Rock\n|\n|-weather|RainDance|[upkeep]\n|-heal|p1a: Empoleon|93/100|[from] item: Leftovers\n|-heal|p2a: Ferrothorn|58/100|[from] item: Leftovers\n|upkeep\n|turn|3\n|\n|t:|1789677078\n|move|p1a: Empoleon|Max Geyser|p2a: Ferrothorn\n|-resisted|p2a: Ferrothorn\n|-damage|p2a: Ferrothorn|26/100\n|move|p2a: Ferrothorn|Spikes|p1a: Empoleon\n|-sidestart|p1: Bunny Stockfish|Spikes\n|\n|-weather|RainDance|[upkeep]\n|-heal|p1a: Empoleon|96/100|[from] item: Leftovers\n|-heal|p2a: Ferrothorn|32/100|[from] item: Leftovers\n|upkeep\n|-end|p1a: Empoleon|Dynamax\n|-heal|p1a: Empoleon|96/100|[silent]\n|turn|4\n|\n|t:|1789677083\n|move|p1a: Empoleon|Imperial Torrent|p2a: Ferrothorn\n|-resisted|p2a: Ferrothorn\n|-damage|p2a: Ferrothorn|8/100\n|move|p2a: Ferrothorn|Leech Seed|p1a: Empoleon\n|-start|p1a: Empoleon|move: Leech Seed\n|\n|-weather|RainDance|[upkeep]\n|-heal|p1a: Empoleon|100/100|[from] item: Leftovers\n|-heal|p2a: Ferrothorn|14/100|[from] item: Leftovers\n|-damage|p1a: Empoleon|88/100|[from] Leech Seed|[of] p2a: Ferrothorn\n|-heal|p2a: Ferrothorn|27/100|[silent]\n|upkeep\n|turn|5\n|\n|t:|1789677097\n|switch|p2a: Simipour|Simipour|100/100\n|move|p1a: Empoleon|Imperial Torrent|p2a: Simipour\n|-resisted|p2a: Simipour\n|-damage|p2a: Simipour|29/100\n|\n|-weather|none\n|-heal|p1a: Empoleon|94/100|[from] item: Leftovers\n|-damage|p1a: Empoleon|82/100|[from] Leech Seed|[of] p2a: Simipour\n|-heal|p2a: Simipour|45/100|[silent]\n|upkeep\n|turn|6\n|\n|t:|1789677102\n|move|p2a: Simipour|Flip Turn|p1a: Empoleon\n|-resisted|p1a: Empoleon\n|-damage|p1a: Empoleon|70/100\n|\n|t:|1789677105\n|switch|p2a: Ferrothorn|Ferrothorn|27/100|[from] Flip Turn\n|move|p1a: Empoleon|Imperial Torrent|p2a: Ferrothorn\n|-resisted|p2a: Ferrothorn\n|-damage|p2a: Ferrothorn|11/100\n|\n|-heal|p1a: Empoleon|76/100|[from] item: Leftovers\n|-heal|p2a: Ferrothorn|17/100|[from] item: Leftovers\n|-damage|p1a: Empoleon|64/100|[from] Leech Seed|[of] p2a: Ferrothorn\n|-heal|p2a: Ferrothorn|30/100|[silent]\n|upkeep\n|turn|7\n|\n|t:|1789677113\n|move|p1a: Empoleon|Imperial Torrent|p2a: Ferrothorn\n|-resisted|p2a: Ferrothorn\n|-damage|p2a: Ferrothorn|14/100\n|move|p2a: Ferrothorn|Spikes|p1a: Empoleon\n|-sidestart|p1: Bunny Stockfish|Spikes\n|\n|-heal|p1a: Empoleon|70/100|[from] item: Leftovers\n|-heal|p2a: Ferrothorn|20/100|[from] item: Leftovers\n|-damage|p1a: Empoleon|58/100|[from] Leech Seed|[of] p2a: Ferrothorn\n|-heal|p2a: Ferrothorn|33/100|[silent]\n|upkeep\n|turn|8\n|\n|t:|1789677119\n|move|p1a: Empoleon|Imperial Torrent|p2a: Ferrothorn\n|-resisted|p2a: Ferrothorn\n|-damage|p2a: Ferrothorn|17/100\n|move|p2a: Ferrothorn|Spikes|p1a: Empoleon\n|-sidestart|p1: Bunny Stockfish|Spikes\n|\n|-heal|p1a: Empoleon|64/100|[from] item: Leftovers\n|-heal|p2a: Ferrothorn|23/100|[from] item: Leftovers\n|-damage|p1a: Empoleon|52/100|[from] Leech Seed|[of] p2a: Ferrothorn\n|-heal|p2a: Ferrothorn|36/100|[silent]\n|upkeep\n|turn|9\n|\n|t:|1789677124\n|move|p1a: Empoleon|Stealth Rock|p2a: Ferrothorn\n|-sidestart|p2: SlimeQueenSamantha|move: Stealth Rock\n|move|p2a: Ferrothorn|Gyro Ball|p1a: Empoleon\n|-resisted|p1a: Empoleon\n|-damage|p1a: Empoleon|43/100\n|\n|-heal|p1a: Empoleon|49/100|[from] item: Leftovers\n|-heal|p2a: Ferrothorn|43/100|[from] item: Leftovers\n|-damage|p1a: Empoleon|37/100|[from] Leech Seed|[of] p2a: Ferrothorn\n|-heal|p2a: Ferrothorn|56/100|[silent]\n|upkeep\n|turn|10\n|\n|t:|1789677134\n|move|p1a: Empoleon|Roost|p1a: Empoleon\n|-heal|p1a: Empoleon|87/100\n|-singleturn|p1a: Empoleon|move: Roost\n|move|p2a: Ferrothorn|Gyro Ball|p1a: Empoleon\n|-resisted|p1a: Empoleon\n|-damage|p1a: Empoleon|79/100\n|\n|-heal|p1a: Empoleon|85/100|[from] item: Leftovers\n|-heal|p2a: Ferrothorn|62/100|[from] item: Leftovers\n|-damage|p1a: Empoleon|73/100|[from] Leech Seed|[of] p2a: Ferrothorn\n|-heal|p2a: Ferrothorn|75/100|[silent]\n|upkeep\n|turn|11\n|\n|t:|1789677138\n|switch|p1a: Sinistcha|Sinistcha|100/100\n|switch|p2a: Regieleki|Regieleki|100/100\n|-damage|p2a: Regieleki|88/100|[from] Stealth Rock\n|\n|upkeep\n|turn|12\n|\n|t:|1789677142\n|move|p2a: Regieleki|Volt Switch|p1a: Sinistcha\n|-resisted|p1a: Sinistcha\n|-damage|p1a: Sinistcha|68/100\n|\n|t:|1789677149\n|switch|p2a: Absol|Absol|100/100|[from] Volt Switch\n|-damage|p2a: Absol|88/100|[from] Stealth Rock\n|move|p1a: Sinistcha|Matcha Gotcha|p2a: Absol\n|-damage|p2a: Absol|23/100\n|-heal|p1a: Sinistcha|93/100|[from] drain|[of] p2a: Absol\n|-status|p2a: Absol|brn\n|\n|-damage|p2a: Absol|17/100 brn|[from] brn\n|upkeep\n|turn|13\n|\n|t:|1789677153\n|detailschange|p2a: Absol|Absol-Mega-Z\n|-mega|p2a: Absol|Absol|Absolite Z\n|move|p2a: Absol|Night Slash|p1a: Sinistcha\n|-supereffective|p1a: Sinistcha\n|-crit|p1a: Sinistcha\n|-damage|p1a: Sinistcha|33/100\n|move|p1a: Sinistcha|Matcha Gotcha|p2a: Absol\n|-damage|p2a: Absol|0 fnt\n|-heal|p1a: Sinistcha|40/100|[from] drain|[of] p2a: Absol\n|faint|p2a: Absol\n|detailschange|p2: Absol|Absol|[silent]\n|\n|upkeep\n|\n|t:|1789677158\n|switch|p2a: Genesect|Genesect|100/100\n|-damage|p2a: Genesect|88/100|[from] Stealth Rock\n|-ability|p2a: Genesect|Download|boost\n|-boost|p2a: Genesect|spa|1\n|turn|14\n|\n|t:|1789677161\n|switch|p1a: Alomomola|Alomomola|100/100\n|-damage|p1a: Alomomola|88/100|[from] Stealth Rock\n|-damage|p1a: Alomomola|63/100|[from] Spikes\n|move|p2a: Genesect|Ice Beam|p1a: Alomomola\n|-resisted|p1a: Alomomola\n|-damage|p1a: Alomomola|42/100\n|\n|upkeep\n|turn|15\n|\n|t:|1789677166\n|switch|p2a: Ferrothorn|Ferrothorn|75/100\n|-damage|p2a: Ferrothorn|69/100|[from] Stealth Rock\n|switch|p1a: Empoleon|Empoleon|73/100\n|-damage|p1a: Empoleon|67/100|[from] Stealth Rock\n|-damage|p1a: Empoleon|42/100|[from] Spikes\n|\n|-heal|p1a: Empoleon|48/100|[from] item: Leftovers\n|-heal|p2a: Ferrothorn|75/100|[from] item: Leftovers\n|upkeep\n|turn|16\n|\n|t:|1789677170\n|switch|p2a: Genesect|Genesect|88/100\n|-damage|p2a: Genesect|76/100|[from] Stealth Rock\n|-ability|p2a: Genesect|Download|boost\n|-boost|p2a: Genesect|atk|1\n|move|p1a: Empoleon|Wave Charge|p2a: Genesect\n|-damage|p2a: Genesect|52/100\n|-boost|p1a: Empoleon|spe|1\n|\n|-heal|p1a: Empoleon|54/100|[from] item: Leftovers\n|upkeep\n|turn|17\n|\n|t:|1789677179\n|move|p2a: Genesect|U-turn|p1a: Empoleon\n|-resisted|p1a: Empoleon\n|-damage|p1a: Empoleon|26/100\n|\n|t:|1789677181\n|switch|p2a: Ferrothorn|Ferrothorn|75/100|[from] U-turn\n|-damage|p2a: Ferrothorn|69/100|[from] Stealth Rock\n|move|p1a: Empoleon|Wave Charge|p2a: Ferrothorn\n|-resisted|p2a: Ferrothorn\n|-damage|p2a: Ferrothorn|62/100\n|-boost|p1a: Empoleon|spe|1\n|-damage|p1a: Empoleon|13/100|[from] ability: Iron Barbs|[of] p2a: Ferrothorn\n|\n|-heal|p1a: Empoleon|20/100|[from] item: Leftovers\n|-heal|p2a: Ferrothorn|68/100|[from] item: Leftovers\n|upkeep\n|turn|18\n|\n|t:|1789677185\n|move|p1a: Empoleon|Wave Charge|p2a: Ferrothorn\n|-resisted|p2a: Ferrothorn\n|-damage|p2a: Ferrothorn|62/100\n|-boost|p1a: Empoleon|spe|1\n|-damage|p1a: Empoleon|7/100|[from] ability: Iron Barbs|[of] p2a: Ferrothorn\n|move|p2a: Ferrothorn|Leech Seed|p1a: Empoleon|[miss]\n|-miss|p2a: Ferrothorn|p1a: Empoleon\n|\n|-heal|p1a: Empoleon|13/100|[from] item: Leftovers\n|-heal|p2a: Ferrothorn|68/100|[from] item: Leftovers\n|upkeep\n|turn|19\n|\n|t:|1789677191\n|switch|p2a: Simipour|Simipour|45/100\n|-damage|p2a: Simipour|33/100|[from] Stealth Rock\n|-weather|RainDance|[from] ability: Tidal Surge|[of] p2a: Simipour\n|move|p1a: Empoleon|Roost|p1a: Empoleon\n|-heal|p1a: Empoleon|63/100\n|-singleturn|p1a: Empoleon|move: Roost\n|\n|-weather|RainDance|[upkeep]\n|-heal|p1a: Empoleon|70/100|[from] item: Leftovers\n|upkeep\n|turn|20\n|\n|t:|1789677201\n|move|p2a: Simipour|Flip Turn|p1a: Empoleon\n|-resisted|p1a: Empoleon\n|-damage|p1a: Empoleon|51/100\n|\n|t:|1789677206\n|switch|p2a: Ferrothorn|Ferrothorn|68/100|[from] Flip Turn\n|-damage|p2a: Ferrothorn|62/100|[from] Stealth Rock\n|move|p1a: Empoleon|Wave Charge|p2a: Ferrothorn\n|-resisted|p2a: Ferrothorn\n|-damage|p2a: Ferrothorn|51/100\n|-boost|p1a: Empoleon|spe|1\n|-damage|p1a: Empoleon|39/100|[from] ability: Iron Barbs|[of] p2a: Ferrothorn\n|\n|-weather|RainDance|[upkeep]\n|-heal|p1a: Empoleon|45/100|[from] item: Leftovers\n|-heal|p2a: Ferrothorn|57/100|[from] item: Leftovers\n|upkeep\n|turn|21\n|\n|t:|1789677212\n|move|p1a: Empoleon|Wave Charge|p2a: Ferrothorn\n|-resisted|p2a: Ferrothorn\n|-damage|p2a: Ferrothorn|46/100\n|-boost|p1a: Empoleon|spe|1\n|-damage|p1a: Empoleon|32/100|[from] ability: Iron Barbs|[of] p2a: Ferrothorn\n|move|p2a: Ferrothorn|Leech Seed|p1a: Empoleon\n|-start|p1a: Empoleon|move: Leech Seed\n|\n|-weather|RainDance|[upkeep]\n|-heal|p1a: Empoleon|39/100|[from] item: Leftovers\n|-heal|p2a: Ferrothorn|52/100|[from] item: Leftovers\n|-damage|p1a: Empoleon|26/100|[from] Leech Seed|[of] p2a: Ferrothorn\n|-heal|p2a: Ferrothorn|65/100|[silent]\n|upkeep\n|turn|22\n|\n|t:|1789677216\n|move|p1a: Empoleon|Roost|p1a: Empoleon\n|-heal|p1a: Empoleon|76/100\n|-singleturn|p1a: Empoleon|move: Roost\n|move|p2a: Ferrothorn|Spikes||[still]\n|-fail|p2a: Ferrothorn\n|\n|-weather|RainDance|[upkeep]\n|-heal|p1a: Empoleon|82/100|[from] item: Leftovers\n|-heal|p2a: Ferrothorn|72/100|[from] item: Leftovers\n|-damage|p1a: Empoleon|70/100|[from] Leech Seed|[of] p2a: Ferrothorn\n|-heal|p2a: Ferrothorn|85/100|[silent]\n|upkeep\n|turn|23\n|\n|t:|1789677219\n|switch|p1a: Sinistcha|Sinistcha|40/100\n|move|p2a: Ferrothorn|Spikes||[still]\n|-fail|p2a: Ferrothorn\n|\n|-weather|none\n|-heal|p2a: Ferrothorn|91/100|[from] item: Leftovers\n|upkeep\n|turn|24\n|\n|t:|1789677224\n|switch|p2a: Genesect|Genesect|52/100\n|-damage|p2a: Genesect|40/100|[from] Stealth Rock\n|-ability|p2a: Genesect|Download|boost\n|-boost|p2a: Genesect|spa|1\n|move|p1a: Sinistcha|Calm Mind|p1a: Sinistcha\n|-boost|p1a: Sinistcha|spa|1\n|-boost|p1a: Sinistcha|spd|1\n|\n|upkeep\n|turn|25\n|\n|t:|1789677230\n|move|p2a: Genesect|Ice Beam|p1a: Sinistcha\n|-supereffective|p1a: Sinistcha\n|-damage|p1a: Sinistcha|0 fnt\n|faint|p1a: Sinistcha\n|\n|upkeep\n|\n|t:|1789677230\n|switch|p1a: Empoleon|Empoleon|70/100\n|-damage|p1a: Empoleon|64/100|[from] Stealth Rock\n|-damage|p1a: Empoleon|39/100|[from] Spikes\n|turn|26\n|\n|t:|1789677234\n|switch|p2a: Ferrothorn|Ferrothorn|91/100\n|-damage|p2a: Ferrothorn|85/100|[from] Stealth Rock\n|move|p1a: Empoleon|Wave Charge|p2a: Ferrothorn\n|-resisted|p2a: Ferrothorn\n|-damage|p2a: Ferrothorn|78/100\n|-boost|p1a: Empoleon|spe|1\n|-damage|p1a: Empoleon|27/100|[from] ability: Iron Barbs|[of] p2a: Ferrothorn\n|\n|-heal|p1a: Empoleon|33/100|[from] item: Leftovers\n|-heal|p2a: Ferrothorn|84/100|[from] item: Leftovers\n|upkeep\n|turn|27\n|\n|t:|1789677236\n|move|p1a: Empoleon|Wave Charge|p2a: Ferrothorn\n|-resisted|p2a: Ferrothorn\n|-damage|p2a: Ferrothorn|77/100\n|-boost|p1a: Empoleon|spe|1\n|-damage|p1a: Empoleon|20/100|[from] ability: Iron Barbs|[of] p2a: Ferrothorn\n|move|p2a: Ferrothorn|Leech Seed|p1a: Empoleon\n|-start|p1a: Empoleon|move: Leech Seed\n|\n|-heal|p1a: Empoleon|27/100|[from] item: Leftovers\n|-heal|p2a: Ferrothorn|83/100|[from] item: Leftovers\n|-damage|p1a: Empoleon|14/100|[from] Leech Seed|[of] p2a: Ferrothorn\n|-heal|p2a: Ferrothorn|97/100|[silent]\n|upkeep\n|turn|28\n|\n|t:|1789677240\n|switch|p2a: Regieleki|Regieleki|88/100\n|-damage|p2a: Regieleki|76/100|[from] Stealth Rock\n|move|p1a: Empoleon|Roost|p1a: Empoleon\n|-heal|p1a: Empoleon|64/100\n|-singleturn|p1a: Empoleon|move: Roost\n|\n|-heal|p1a: Empoleon|70/100|[from] item: Leftovers\n|-damage|p1a: Empoleon|58/100|[from] Leech Seed|[of] p2a: Regieleki\n|-heal|p2a: Regieleki|91/100|[silent]\n|upkeep\n|turn|29\n|\n|t:|1789677249\n|switch|p1a: Clefable|Clefable|100/100\n|move|p2a: Regieleki|Volt Switch|p1a: Clefable\n|-damage|p1a: Clefable|48/100\n|\n|t:|1789677254\n|switch|p2a: Simipour|Simipour|33/100|[from] Volt Switch\n|-damage|p2a: Simipour|20/100|[from] Stealth Rock\n|-weather|RainDance|[from] ability: Tidal Surge|[of] p2a: Simipour\n|\n|-weather|RainDance|[upkeep]\n|-heal|p1a: Clefable|54/100|[from] item: Leftovers\n|upkeep\n|turn|30\n|\n|t:|1789677260\n|move|p2a: Simipour|Flip Turn|p1a: Clefable\n|-damage|p1a: Clefable|27/100\n|\n|t:|1789677262\n|switch|p2a: Regieleki|Regieleki|91/100|[from] Flip Turn\n|-damage|p2a: Regieleki|79/100|[from] Stealth Rock\n|move|p1a: Clefable|Moonblast|p2a: Regieleki\n|-crit|p2a: Regieleki\n|-damage|p2a: Regieleki|0 fnt\n|faint|p2a: Regieleki\n|\n|-weather|RainDance|[upkeep]\n|-heal|p1a: Clefable|33/100|[from] item: Leftovers\n|upkeep\n|\n|t:|1789677268\n|switch|p2a: Genesect|Genesect|40/100\n|-damage|p2a: Genesect|28/100|[from] Stealth Rock\n|-ability|p2a: Genesect|Download|boost\n|-boost|p2a: Genesect|spa|1\n|turn|31\n|\n|t:|1789677274\n|switch|p1a: Spiritomb|Spiritomb|100/100\n|-damage|p1a: Spiritomb|88/100|[from] Stealth Rock\n|-damage|p1a: Spiritomb|63/100|[from] Spikes\n|move|p2a: Genesect|Iron Head|p1a: Spiritomb\n|-damage|p1a: Spiritomb|30/100\n|\n|-weather|RainDance|[upkeep]\n|-heal|p1a: Spiritomb|36/100|[from] item: Leftovers\n|upkeep\n|turn|32\n|\n|t:|1789677277\n|move|p2a: Genesect|Iron Head|p1a: Spiritomb\n|-damage|p1a: Spiritomb|7/100\n|cant|p1a: Spiritomb|flinch\n|\n|-weather|RainDance|[upkeep]\n|-heal|p1a: Spiritomb|14/100|[from] item: Leftovers\n|upkeep\n|turn|33\n|\n|t:|1789677280\n|move|p2a: Genesect|Iron Head|p1a: Spiritomb\n|-ability|p1a: Spiritomb|Keystone Legion\n|-message|The spirits of the keystone shield Spiritomb!\n|-start|p2a: Genesect|Curse|[of] p1a: Spiritomb\n|-damage|p1a: Spiritomb|1/100\n|move|p1a: Spiritomb|Soul Toll|p2a: Genesect\n|-damage|p2a: Genesect|0 fnt\n|-heal|p1a: Spiritomb|11/100|[from] drain|[of] p2a: Genesect\n|faint|p2a: Genesect\n|-message|A soul joins the legion. Spiritomb's keystone mends!\n|\n|-weather|none\n|-heal|p1a: Spiritomb|17/100|[from] item: Leftovers\n|upkeep\n|\n|t:|1789677288\n|switch|p2a: Landorus|Landorus-Therian, M|100/100\n|-damage|p2a: Landorus|88/100|[from] Stealth Rock\n|-ability|p2a: Landorus|Intimidate|boost\n|-unboost|p1a: Spiritomb|atk|1\n|turn|34\n|\n|t:|1789677290\n|move|p2a: Landorus|Earthquake|p1a: Spiritomb\n|-ability|p1a: Spiritomb|Keystone Legion\n|-message|The spirits of the keystone shield Spiritomb!\n|-start|p2a: Landorus|Curse|[of] p1a: Spiritomb\n|-damage|p1a: Spiritomb|1/100\n|move|p1a: Spiritomb|Soul Toll|p2a: Landorus\n|-damage|p2a: Landorus|28/100\n|-heal|p1a: Spiritomb|31/100|[from] drain|[of] p2a: Landorus\n|\n|-heal|p2a: Landorus|34/100|[from] item: Leftovers\n|-heal|p1a: Spiritomb|37/100|[from] item: Leftovers\n|-damage|p2a: Landorus|9/100|[from] Curse\n|upkeep\n|turn|35\n|\n|t:|1789677294\n|switch|p2a: Ferrothorn|Ferrothorn|97/100\n|-damage|p2a: Ferrothorn|90/100|[from] Stealth Rock\n|move|p1a: Spiritomb|Soul Toll|p2a: Ferrothorn\n|-damage|p2a: Ferrothorn|72/100\n|\n|-heal|p1a: Spiritomb|44/100|[from] item: Leftovers\n|-heal|p2a: Ferrothorn|79/100|[from] item: Leftovers\n|upkeep\n|turn|36\n|\n|t:|1789677301\n|move|p1a: Spiritomb|Soul Toll|p2a: Ferrothorn\n|-damage|p2a: Ferrothorn|61/100\n|move|p2a: Ferrothorn|Leech Seed|p1a: Spiritomb\n|-start|p1a: Spiritomb|move: Leech Seed\n|\n|-heal|p1a: Spiritomb|50/100|[from] item: Leftovers\n|-heal|p2a: Ferrothorn|67/100|[from] item: Leftovers\n|-damage|p1a: Spiritomb|37/100|[from] Leech Seed|[of] p2a: Ferrothorn\n|-heal|p2a: Ferrothorn|80/100|[silent]\n|upkeep\n|turn|37\n|\n|t:|1789677306\n|move|p1a: Spiritomb|Will-O-Wisp|p2a: Ferrothorn\n|-status|p2a: Ferrothorn|brn\n|move|p2a: Ferrothorn|Gyro Ball|p1a: Spiritomb\n|-damage|p1a: Spiritomb|29/100\n|\n|-heal|p1a: Spiritomb|35/100|[from] item: Leftovers\n|-heal|p2a: Ferrothorn|86/100 brn|[from] item: Leftovers\n|-damage|p1a: Spiritomb|23/100|[from] Leech Seed|[of] p2a: Ferrothorn\n|-heal|p2a: Ferrothorn|99/100 brn|[silent]\n|-damage|p2a: Ferrothorn|93/100 brn|[from] brn\n|upkeep\n|turn|38\n|\n|t:|1789677309\n|move|p1a: Spiritomb|Strength Sap|p2a: Ferrothorn\n|-unboost|p2a: Ferrothorn|atk|1\n|-heal|p1a: Spiritomb|83/100\n|move|p2a: Ferrothorn|Gyro Ball|p1a: Spiritomb\n|-damage|p1a: Spiritomb|78/100\n|\n|-heal|p1a: Spiritomb|84/100|[from] item: Leftovers\n|-heal|p2a: Ferrothorn|99/100 brn|[from] item: Leftovers\n|-damage|p1a: Spiritomb|71/100|[from] Leech Seed|[of] p2a: Ferrothorn\n|-heal|p2a: Ferrothorn|100/100 brn|[silent]\n|-damage|p2a: Ferrothorn|94/100 brn|[from] brn\n|upkeep\n|turn|39\n|\n|t:|1789677312\n|move|p1a: Spiritomb|Soul Toll|p2a: Ferrothorn\n|-damage|p2a: Ferrothorn|56/100 brn\n|move|p2a: Ferrothorn|Gyro Ball|p1a: Spiritomb\n|-damage|p1a: Spiritomb|66/100\n|\n|-heal|p1a: Spiritomb|72/100|[from] item: Leftovers\n|-heal|p2a: Ferrothorn|63/100 brn|[from] item: Leftovers\n|-damage|p1a: Spiritomb|60/100|[from] Leech Seed|[of] p2a: Ferrothorn\n|-heal|p2a: Ferrothorn|76/100 brn|[silent]\n|-damage|p2a: Ferrothorn|70/100 brn|[from] brn\n|upkeep\n|turn|40\n|\n|t:|1789677322\n|move|p1a: Spiritomb|Soul Toll|p2a: Ferrothorn\n|-damage|p2a: Ferrothorn|30/100 brn\n|move|p2a: Ferrothorn|Gyro Ball|p1a: Spiritomb\n|-damage|p1a: Spiritomb|54/100\n|\n|-heal|p1a: Spiritomb|60/100|[from] item: Leftovers\n|-heal|p2a: Ferrothorn|36/100 brn|[from] item: Leftovers\n|-damage|p1a: Spiritomb|48/100|[from] Leech Seed|[of] p2a: Ferrothorn\n|-heal|p2a: Ferrothorn|49/100 brn|[silent]\n|-damage|p2a: Ferrothorn|43/100 brn|[from] brn\n|upkeep\n|turn|41\n|\n|t:|1789677324\n|move|p1a: Spiritomb|Soul Toll|p2a: Ferrothorn\n|-damage|p2a: Ferrothorn|10/100 brn\n|move|p2a: Ferrothorn|Gyro Ball|p1a: Spiritomb\n|-damage|p1a: Spiritomb|42/100\n|\n|-heal|p1a: Spiritomb|48/100|[from] item: Leftovers\n|-heal|p2a: Ferrothorn|16/100 brn|[from] item: Leftovers\n|-damage|p1a: Spiritomb|36/100|[from] Leech Seed|[of] p2a: Ferrothorn\n|-heal|p2a: Ferrothorn|29/100 brn|[silent]\n|-damage|p2a: Ferrothorn|23/100 brn|[from] brn\n|upkeep\n|turn|42\n|\n|t:|1789677327\n|-start|p2a: Ferrothorn|Dynamax|\n|-heal|p2a: Ferrothorn|23/100 brn|[silent]\n|move|p2a: Ferrothorn|Max Guard|p2a: Ferrothorn\n|-singleturn|p2a: Ferrothorn|Max Guard\n|move|p1a: Spiritomb|Soul Toll|p2a: Ferrothorn\n|-activate|p2a: Ferrothorn|move: Max Guard\n|\n|-heal|p1a: Spiritomb|42/100|[from] item: Leftovers\n|-heal|p2a: Ferrothorn|26/100 brn|[from] item: Leftovers\n|-damage|p1a: Spiritomb|30/100|[from] Leech Seed|[of] p2a: Ferrothorn\n|-heal|p2a: Ferrothorn|32/100 brn|[silent]\n|-damage|p2a: Ferrothorn|29/100 brn|[from] brn\n|upkeep\n|turn|43\n|\n|t:|1789677330\n|move|p1a: Spiritomb|Soul Toll|p2a: Ferrothorn\n|-damage|p2a: Ferrothorn|9/100 brn\n|move|p2a: Ferrothorn|Max Steelspike|p1a: Spiritomb\n|-damage|p1a: Spiritomb|19/100\n|-boost|p2a: Ferrothorn|def|1\n|\n|-heal|p1a: Spiritomb|25/100|[from] item: Leftovers\n|-heal|p2a: Ferrothorn|13/100 brn|[from] item: Leftovers\n|-damage|p1a: Spiritomb|13/100|[from] Leech Seed|[of] p2a: Ferrothorn\n|-heal|p2a: Ferrothorn|19/100 brn|[silent]\n|-damage|p2a: Ferrothorn|16/100 brn|[from] brn\n|upkeep\n|turn|44\n|\n|t:|1789677336\n|move|p2a: Ferrothorn|Max Guard|p2a: Ferrothorn\n|-singleturn|p2a: Ferrothorn|Max Guard\n|move|p1a: Spiritomb|Soul Toll|p2a: Ferrothorn\n|-activate|p2a: Ferrothorn|move: Max Guard\n|\n|-heal|p1a: Spiritomb|19/100|[from] item: Leftovers\n|-heal|p2a: Ferrothorn|19/100 brn|[from] item: Leftovers\n|-damage|p1a: Spiritomb|7/100|[from] Leech Seed|[of] p2a: Ferrothorn\n|-heal|p2a: Ferrothorn|26/100 brn|[silent]\n|-damage|p2a: Ferrothorn|23/100 brn|[from] brn\n|upkeep\n|-end|p2a: Ferrothorn|Dynamax\n|-heal|p2a: Ferrothorn|23/100 brn|[silent]\n|turn|45\n|\n|t:|1789677341\n|move|p1a: Spiritomb|Soul Toll|p2a: Ferrothorn\n|-damage|p2a: Ferrothorn|0 fnt\n|faint|p2a: Ferrothorn\n|-message|A soul joins the legion. Spiritomb's keystone mends!\n|\n|-heal|p1a: Spiritomb|13/100|[from] item: Leftovers\n|upkeep\n|\n|t:|1789677347\n|switch|p2a: Landorus|Landorus-Therian, M|9/100\n|-damage|p2a: Landorus|0 fnt|[from] Stealth Rock\n|faint|p2a: Landorus\n|\n|t:|1789677349\n|switch|p2a: Simipour|Simipour|20/100\n|-damage|p2a: Simipour|8/100|[from] Stealth Rock\n|-weather|RainDance|[from] ability: Tidal Surge|[of] p2a: Simipour\n|turn|46\n|\n|t:|1789677353\n|move|p2a: Simipour|Ice Beam|p1a: Spiritomb\n|-ability|p1a: Spiritomb|Keystone Legion\n|-message|The spirits of the keystone shield Spiritomb!\n|-start|p2a: Simipour|Curse|[of] p1a: Spiritomb\n|-damage|p1a: Spiritomb|1/100\n|move|p1a: Spiritomb|Soul Toll|p2a: Simipour\n|-damage|p2a: Simipour|0 fnt\n|-heal|p1a: Spiritomb|4/100|[from] drain|[of] p2a: Simipour\n|faint|p2a: Simipour\n|-message|A soul joins the legion. Spiritomb's keystone mends!\n|\n|win|Bunny Stockfish\n",
	"inputlog": ">start {\"formatid\":\"gen9rpou\",\"seed\":\"sodium,174f17272210d0f848a56e5ed072f4ce\",\"rated\":\"Rated battle\"}\n>player p1 {\"name\":\"Bunny Stockfish\",\"avatar\":\"bunny.png\",\"team\":\"Spiritomb||Leftovers|KeystoneLegion|SoulToll,StrengthSap,WillOWisp,CarrionFeast|Calm|252,,4,,252,|N||||,,,,,Fairy]Roserade||FocusSash|Masquerade|ThornedBouquet,SludgeBomb,Synthesis,Spikes|Timid|,,,252,4,252|N||||,,,,,Grass]Clefable||Leftovers|MagicGuard|CalmMind,Moonblast,Moonlight,KnockOff|Bold|252,,252,,4,|N|,0,,,,|||,,,,,Steel]Empoleon||Leftovers|EmperorsPride|ImperialTorrent,Roost,StealthRock,WaveCharge|Calm|252,,4,,252,|N||||,,,,,Flying]Alomomola||RockyHelmet|Regenerator|FlipTurn,Wish,Protect,Undertow|Relaxed|252,,252,,4,|N|,,,,,0|||,,,,,Ghost]Sinistcha||HeavyDutyBoots|Heatproof|CalmMind,MatchaGotcha,ShadowBall,StrengthSap|Bold|252,,252,,4,|N||||,,,,,Fairy\",\"rating\":1402}\n>player p2 {\"name\":\"SlimeQueenSamantha\",\"avatar\":\"queen.png\",\"team\":\"Regieleki||ChoiceSpecs|Transistor|Thunder,TeraBlast,VoltSwitch,RapidSpin|Timid|4,,,252,,252|N||||,,,,,Ice]Absol||AbsoliteZ|Justified|SwordsDance,NightSlash,ShadowClaw,PlayRough|Jolly|,252,,,,252|N||||,,,,,Dark]Landorus|LandorusTherian|Leftovers|Intimidate|Earthquake,Uturn,Defog,Toxic|Impish|248,,16,,,244|M||||,,,,,Ground]Ferrothorn||Leftovers|IronBarbs|GyroBall,StealthRock,Spikes,LeechSeed|Sassy|252,,8,,248,|N|,,,,,0|||,,,,,Grass]Genesect||ChoiceScarf|Download|Uturn,IronHead,Flamethrower,IceBeam|Hasty|,252,,4,,252|N||||,,,,,Bug]Simipour||ElementalBanana|TidalSurge|TorrentRush,IceBeam,NastyPlot,FlipTurn|Timid|,,,252,4,252|N||||,,,,,Water\",\"rating\":1565}\n>chat ☆Bunny Stockfish|Good luck! Playing on **stockfish**.\n>p1 team 4, 2, 6, 3, 5, 1\n>p2 team 5, 2, 3, 4, 1, 6\n>p1 move imperialtorrent dynamax\n>p2 move uturn\n>p2 switch 4\n>p1 move imperialtorrent dynamax\n>p2 move stealthrock\n>p1 move imperialtorrent dynamax\n>p2 move spikes\n>p1 move imperialtorrent\n>p2 move leechseed\n>p1 move imperialtorrent\n>p2 switch 6\n>p1 move imperialtorrent\n>p2 move flipturn\n>p2 switch 6\n>p1 move imperialtorrent\n>p2 move spikes\n>p1 move imperialtorrent\n>p2 move spikes\n>p1 move stealthrock\n>p2 move gyroball\n>p1 move roost\n>p2 move gyroball\n>p1 switch 3\n>p2 switch 5\n>p1 move matchagotcha\n>p2 move voltswitch\n>p2 switch 2\n>p1 move matchagotcha\n>p2 move nightslash mega\n>p2 switch 4\n>p1 switch 5\n>p2 move icebeam\n>p1 switch 3\n>p2 switch 5\n>p1 move wavecharge\n>p2 switch 5\n>p1 move wavecharge\n>p2 move uturn\n>p2 switch 5\n>p1 move wavecharge\n>p2 move leechseed\n>p1 move roost\n>p2 switch 6\n>p1 move wavecharge\n>p2 move flipturn\n>p2 switch 6\n>p1 move wavecharge\n>p2 move leechseed\n>p1 move roost\n>p2 move spikes\n>p1 switch 5\n>p2 move spikes\n>p1 move calmmind\n>p2 switch 5\n>p1 move shadowball\n>p2 move icebeam\n>p1 switch 5\n>p1 move wavecharge\n>p2 switch 5\n>p1 move wavecharge\n>p2 move leechseed\n>p1 move roost\n>p2 switch 2\n>p1 switch 4\n>p2 move voltswitch\n>p2 switch 6\n>p1 move moonblast\n>p2 move flipturn\n>p2 switch 6\n>p2 switch 5\n>p1 switch 6\n>p2 move ironhead\n>p1 move soultoll\n>p2 move ironhead\n>p1 move soultoll\n>p2 move ironhead\n>p2 switch 3\n>p1 move soultoll\n>p2 move earthquake\n>p1 move soultoll\n>p2 switch 2\n>p1 move soultoll\n>p2 move leechseed\n>p1 move willowisp\n>p2 move gyroball\n>p1 move strengthsap\n>p2 move gyroball\n>p1 move soultoll\n>p2 move gyroball\n>p1 move soultoll\n>p2 move gyroball\n>p1 move soultoll\n>p2 move gyroball\n>p1 move soultoll\n>p2 move spikes dynamax\n>p1 move soultoll\n>p2 move gyroball dynamax\n>p1 move soultoll\n>p2 move spikes dynamax\n>p1 move soultoll\n>p2 move spikes\n>p2 switch 2\n>p2 switch 6\n>p1 move soultoll\n>p2 move icebeam",
	"uploadtime": 1789677353
}