{
	"id": "gen9rpou-2-tlj24k",
	"format": "[Gen 9] RP OU",
	"players": [
		"Bunny Stockfish",
		"SlimeQueenSamantha"
	],
	"rating": null,
	"log": "|j|☆Bunny Stockfish\n|j|☆SlimeQueenSamantha\n|t:|1789681557\n|gametype|singles\n|badge|p1|silver|gen9rpou|2-2\n|badge|p2|gold|gen9rpou|1-1\n|player|p1|Bunny Stockfish|bunny.png|1435\n|player|p2|SlimeQueenSamantha|queen.png|1499\n|gen|9\n|tier|[Gen 9] RP OU\n|rated|\n|rule|HP Percentage Mod: HP is shown in percentages\n|rule|Endless Battle Clause: Forcing endless battles is banned\n|rule|Species Clause: Limit one of each Pokémon\n|rule|OHKO Clause: OHKO moves are banned\n|rule|Evasion Clause: Evasion abilities, items, and moves are banned\n|rule|Evasion Abilities Clause: Evasion abilities are banned\n|rule|Evasion Items Clause: Evasion items are banned\n|rule|Evasion Moves Clause: Evasion moves are banned\n|rule|Sleep Clause Mod: Limit one foe put to sleep\n|clearpoke\n|poke|p1|Empoleon|\n|poke|p1|Clefable|\n|poke|p1|Glaceon|\n|poke|p1|Zapdos-Galar|\n|poke|p1|Clodsire|\n|poke|p1|Spiritomb|\n|poke|p2|Regieleki|\n|poke|p2|Magearna|\n|poke|p2|Dragonite|\n|poke|p2|Glaceon|\n|poke|p2|Diancie|\n|poke|p2|Garchomp|\n|teampreview\n|c|☆Bunny Stockfish|Good luck! Playing on **stockfish**.\n|\n|t:|1789681560\n|teamsize|p1|6\n|teamsize|p2|6\n|start\n|switch|p1a: Empoleon|Empoleon|100/100\n|switch|p2a: Regieleki|Regieleki|100/100\n|turn|1\n|\n|t:|1789681564\n|switch|p1a: Clodsire|Clodsire|100/100\n|move|p2a: Regieleki|Thunderbolt|p1a: Clodsire\n|-immune|p1a: Clodsire\n|\n|upkeep\n|turn|2\n|\n|t:|1789681566\n|-start|p1a: Clodsire|Dynamax|\n|-heal|p1a: Clodsire|100/100|[silent]\n|move|p2a: Regieleki|Light Screen|p2a: Regieleki\n|-sidestart|p2: SlimeQueenSamantha|move: Light Screen\n|move|p1a: Clodsire|Max Quake|p2a: Regieleki\n|-supereffective|p2a: Regieleki\n|-damage|p2a: Regieleki|0 fnt\n|-boost|p1a: Clodsire|spd|1\n|faint|p2a: Regieleki\n|\n|upkeep\n|\n|t:|1789681571\n|switch|p2a: Glaceon|Glaceon|100/100\n|-weather|Snowscape|[from] ability: Diamond Dust|[of] p2a: Glaceon\n|turn|3\n|\n|t:|1789681573\n|move|p2a: Glaceon|Blizzard|p1a: Clodsire\n|-supereffective|p1a: Clodsire\n|-damage|p1a: Clodsire|72/100\n|-damage|p2a: Glaceon|91/100|[from] item: Life Orb\n|move|p1a: Clodsire|Max Quake|p2a: Glaceon\n|-damage|p2a: Glaceon|62/100\n|-boost|p1a: Clodsire|spd|1\n|\n|-weather|Snowscape|[upkeep]\n|upkeep\n|turn|4\n|\n|t:|1789681576\n|move|p2a: Glaceon|Aurora Veil|p2a: Glaceon\n|-sidestart|p2: SlimeQueenSamantha|move: Aurora Veil\n|move|p1a: Clodsire|Max Quake|p2a: Glaceon\n|-damage|p2a: Glaceon|48/100\n|-boost|p1a: Clodsire|spd|1\n|\n|-weather|Snowscape|[upkeep]\n|upkeep\n|-end|p1a: Clodsire|Dynamax\n|-heal|p1a: Clodsire|72/100|[silent]\n|turn|5\n|\n|t:|1789681579\n|switch|p2a: Garchomp|Garchomp|100/100\n|move|p1a: Clodsire|Earthquake|p2a: Garchomp\n|-damage|p2a: Garchomp|87/100\n|\n|-weather|Snowscape|[upkeep]\n|upkeep\n|turn|6\n|\n|t:|1789681581\n|switch|p1a: Glaceon|Glaceon|100/100\n|move|p2a: Garchomp|Earthquake|p1a: Glaceon\n|-damage|p1a: Glaceon|56/100\n|\n|-weather|Snowscape|[upkeep]\n|upkeep\n|turn|7\n|\n|t:|1789681587\n|switch|p2a: Diancie|Diancie|100/100\n|move|p1a: Glaceon|Blizzard|p2a: Diancie\n|-damage|p2a: Diancie|65/100\n|-damage|p1a: Glaceon|46/100|[from] item: Life Orb\n|\n|-weather|none\n|upkeep\n|turn|8\n|\n|t:|1789681595\n|detailschange|p2a: Diancie|Diancie-Mega\n|-mega|p2a: Diancie|Diancie|Diancite\n|move|p2a: Diancie|Diamond Storm|p1a: Glaceon\n|-supereffective|p1a: Glaceon\n|-damage|p1a: Glaceon|0 fnt\n|-boost|p2a: Diancie|def|2\n|faint|p1a: Glaceon\n|\n|-sideend|p2: SlimeQueenSamantha|move: Aurora Veil\n|upkeep\n|\n|t:|1789681596\n|switch|p1a: Empoleon|Empoleon|100/100\n|turn|9\n|\n|t:|1789681601\n|move|p2a: Diancie|Spikes|p1a: Empoleon\n|-sidestart|p1: Bunny Stockfish|Spikes\n|move|p1a: Empoleon|Imperial Torrent|p2a: Diancie\n|-supereffective|p2a: Diancie\n|-damage|p2a: Diancie|6/100\n|\n|-sideend|p2: SlimeQueenSamantha|move: Light Screen\n|upkeep\n|turn|10\n|\n|t:|1789681606\n|move|p2a: Diancie|Explosion|p1a: Empoleon\n|-resisted|p1a: Empoleon\n|-damage|p1a: Empoleon|60/100\n|faint|p2a: Diancie\n|detailschange|p2: Diancie|Diancie|[silent]\n|move|p1a: Empoleon|Imperial Torrent|p2: Diancie|[notarget]\n|-fail|p1a: Empoleon\n|\n|-heal|p1a: Empoleon|67/100|[from] item: Leftovers\n|upkeep\n|\n|t:|1789681613\n|switch|p2a: Glaceon|Glaceon|48/100\n|-weather|Snowscape|[from] ability: Diamond Dust|[of] p2a: Glaceon\n|turn|11\n|\n|t:|1789681615\n|move|p2a: Glaceon|Aurora Veil|p2a: Glaceon\n|-sidestart|p2: SlimeQueenSamantha|move: Aurora Veil\n|move|p1a: Empoleon|Imperial Torrent|p2a: Glaceon\n|-damage|p2a: Glaceon|13/100\n|\n|-weather|Snowscape|[upkeep]\n|-heal|p1a: Empoleon|73/100|[from] item: Leftovers\n|upkeep\n|turn|12\n|\n|t:|1789681617\n|move|p2a: Glaceon|Earth Power|p1a: Empoleon\n|-supereffective|p1a: Empoleon\n|-damage|p1a: Empoleon|11/100\n|-unboost|p1a: Empoleon|spd|1\n|-ability|p1a: Empoleon|Emperor's Pride|boost\n|-boost|p1a: Empoleon|spa|2\n|-damage|p2a: Glaceon|3/100|[from] item: Life Orb\n|move|p1a: Empoleon|Imperial Torrent|p2a: Glaceon\n|-damage|p2a: Glaceon|0 fnt\n|faint|p2a: Glaceon\n|\n|-weather|Snowscape|[upkeep]\n|-heal|p1a: Empoleon|17/100|[from] item: Leftovers\n|upkeep\n|\n|t:|1789681620\n|switch|p2a: Garchomp|Garchomp|87/100\n|turn|13\n|\n|t:|1789681623\n|move|p2a: Garchomp|Swords Dance|p2a: Garchomp\n|-boost|p2a: Garchomp|atk|2\n|move|p1a: Empoleon|Imperial Torrent|p2a: Garchomp\n|-damage|p2a: Garchomp|25/100\n|\n|-weather|Snowscape|[upkeep]\n|-heal|p1a: Empoleon|24/100|[from] item: Leftovers\n|upkeep\n|turn|14\n|\n|t:|1789681626\n|move|p2a: Garchomp|Earthquake|p1a: Empoleon\n|-supereffective|p1a: Empoleon\n|-damage|p1a: Empoleon|0 fnt\n|faint|p1a: Empoleon\n|\n|-weather|Snowscape|[upkeep]\n|upkeep\n|\n|t:|1789681626\n|switch|p1a: Clefable|Clefable|100/100\n|turn|15\n|\n|t:|1789681632\n|-start|p2a: Garchomp|Dynamax|\n|-heal|p2a: Garchomp|25/100|[silent]\n|move|p2a: Garchomp|Max Quake|p1a: Clefable\n|-damage|p1a: Clefable|50/100\n|-boost|p2a: Garchomp|spd|1\n|move|p1a: Clefable|Moonblast|p2a: Garchomp\n|-supereffective|p2a: Garchomp\n|-damage|p2a: Garchomp|6/100\n|-unboost|p2a: Garchomp|spa|1\n|\n|-weather|none\n|-sideend|p2: SlimeQueenSamantha|move: Aurora Veil\n|upkeep\n|turn|16\n|\n|t:|1789681637\n|move|p2a: Garchomp|Max Quake|p1a: Clefable\n|-damage|p1a: Clefable|0 fnt\n|-boost|p2a: Garchomp|spd|1\n|faint|p1a: Clefable\n|\n|upkeep\n|\n|t:|1789681637\n|switch|p1a: Zapdos|Zapdos-Galar|100/100\n|turn|17\n|\n|t:|1789681640\n|move|p2a: Garchomp|Max Wyrmwind|p1a: Zapdos\n|-enditem|p1a: Zapdos|Focus Sash\n|-damage|p1a: Zapdos|1/100\n|-unboost|p1a: Zapdos|atk|1\n|-ability|p1a: Zapdos|Defiant|boost\n|-boost|p1a: Zapdos|atk|2\n|move|p1a: Zapdos|Fly||[still]\n|-prepare|p1a: Zapdos|Fly\n|\n|upkeep\n|-end|p2a: Garchomp|Dynamax\n|-heal|p2a: Garchomp|6/100|[silent]\n|turn|18\n|\n|t:|1789681643\n|move|p2a: Garchomp|Scale Shot|p1a: Zapdos|[miss]\n|-miss|p2a: Garchomp|p1a: Zapdos\n|move|p1a: Zapdos|Fly|p2a: Garchomp|[from] lockedmove\n|-damage|p2a: Garchomp|0 fnt\n|-damage|p1a: Zapdos|0 fnt|[from] ability: Rough Skin|[of] p2a: Garchomp\n|faint|p2a: Garchomp\n|faint|p1a: Zapdos\n|\n|upkeep\n|\n|t:|1789681648\n|switch|p2a: Magearna|Magearna|100/100\n|switch|p1a: Clodsire|Clodsire|72/100\n|turn|19\n|\n|t:|1789681651\n|move|p2a: Magearna|Calm Mind|p2a: Magearna\n|-boost|p2a: Magearna|spa|1\n|-boost|p2a: Magearna|spd|1\n|move|p1a: Clodsire|Earthquake|p2a: Magearna\n|-supereffective|p2a: Magearna\n|-damage|p2a: Magearna|43/100\n|-enditem|p2a: Magearna|Weakness Policy\n|-boost|p2a: Magearna|atk|2|[from] item: Weakness Policy\n|-boost|p2a: Magearna|spa|2|[from] item: Weakness Policy\n|\n|upkeep\n|turn|20\n|\n|t:|1789681653\n|move|p2a: Magearna|Stored Power|p1a: Clodsire\n|-supereffective|p1a: Clodsire\n|-damage|p1a: Clodsire|23/100\n|move|p1a: Clodsire|Earthquake|p2a: Magearna\n|-supereffective|p2a: Magearna\n|-damage|p2a: Magearna|0 fnt\n|faint|p2a: Magearna\n|\n|upkeep\n|\n|t:|1789681656\n|switch|p2a: Dragonite|Dragonite|100/100\n|turn|21\n|\n|t:|1789681657\n|move|p2a: Dragonite|Extreme Speed|p1a: Clodsire\n|-damage|p1a: Clodsire|0 fnt\n|faint|p1a: Clodsire\n|\n|upkeep\n|\n|t:|1789681658\n|switch|p1a: Spiritomb|Spiritomb|100/100\n|-damage|p1a: Spiritomb|88/100|[from] Spikes\n|turn|22\n|\n|t:|1789681664\n|-terastallize|p2a: Dragonite|Normal\n|move|p2a: Dragonite|Earthquake|p1a: Spiritomb\n|-damage|p1a: Spiritomb|57/100\n|move|p1a: Spiritomb|Will-O-Wisp|p2a: Dragonite|[miss]\n|-miss|p1a: Spiritomb|p2a: Dragonite\n|\n|-heal|p1a: Spiritomb|63/100|[from] item: Leftovers\n|upkeep\n|turn|23\n|\n|t:|1789681666\n|move|p2a: Dragonite|Earthquake|p1a: Spiritomb\n|-damage|p1a: Spiritomb|32/100\n|move|p1a: Spiritomb|Will-O-Wisp|p2a: Dragonite\n|-status|p2a: Dragonite|brn\n|\n|-heal|p1a: Spiritomb|38/100|[from] item: Leftovers\n|-damage|p2a: Dragonite|94/100 brn|[from] brn\n|upkeep\n|turn|24\n|\n|t:|1789681668\n|move|p2a: Dragonite|Earthquake|p1a: Spiritomb\n|-damage|p1a: Spiritomb|23/100\n|move|p1a: Spiritomb|Strength Sap|p2a: Dragonite\n|-unboost|p2a: Dragonite|atk|1\n|-heal|p1a: Spiritomb|100/100\n|\n|-damage|p2a: Dragonite|88/100 brn|[from] brn\n|upkeep\n|turn|25\n|\n|t:|1789681670\n|move|p2a: Dragonite|Earthquake|p1a: Spiritomb\n|-damage|p1a: Spiritomb|90/100\n|move|p1a: Spiritomb|Parting Shot|p2a: Dragonite\n|-unboost|p2a: Dragonite|atk|1\n|-unboost|p2a: Dragonite|spa|1\n|\n|-heal|p1a: Spiritomb|96/100|[from] item: Leftovers\n|-damage|p2a: Dragonite|82/100 brn|[from] brn\n|upkeep\n|turn|26\n|\n|t:|1789681672\n|move|p2a: Dragonite|Earthquake|p1a: Spiritomb\n|-damage|p1a: Spiritomb|88/100\n|move|p1a: Spiritomb|Parting Shot|p2a: Dragonite\n|-unboost|p2a: Dragonite|atk|1\n|-unboost|p2a: Dragonite|spa|1\n|\n|-heal|p1a: Spiritomb|95/100|[from] item: Leftovers\n|-damage|p2a: Dragonite|76/100 brn|[from] brn\n|upkeep\n|turn|27\n|\n|t:|1789681677\n|move|p2a: Dragonite|Earthquake|p1a: Spiritomb\n|-damage|p1a: Spiritomb|88/100\n|move|p1a: Spiritomb|Parting Shot|p2a: Dragonite\n|-unboost|p2a: Dragonite|atk|1\n|-unboost|p2a: Dragonite|spa|1\n|\n|-heal|p1a: Spiritomb|95/100|[from] item: Leftovers\n|-damage|p2a: Dragonite|70/100 brn|[from] brn\n|upkeep\n|turn|28\n|\n|t:|1789681680\n|move|p2a: Dragonite|Earthquake|p1a: Spiritomb\n|-damage|p1a: Spiritomb|90/100\n|move|p1a: Spiritomb|Parting Shot|p2a: Dragonite\n|-unboost|p2a: Dragonite|atk|1\n|-unboost|p2a: Dragonite|spa|1\n|\n|-heal|p1a: Spiritomb|96/100|[from] item: Leftovers\n|-damage|p2a: Dragonite|63/100 brn|[from] brn\n|upkeep\n|turn|29\n|-message|SlimeQueenSamantha forfeited.\n|\n|win|Bunny Stockfish\n",
	"inputlog": ">start {\"formatid\":\"gen9rpou\",\"seed\":\"sodium,b9d03c75fd4c388392481c17d5fb65af\",\"rated\":\"Rated battle\"}\n>player p1 {\"name\":\"Bunny Stockfish\",\"avatar\":\"bunny.png\",\"team\":\"Empoleon||Leftovers|EmperorsPride|ImperialTorrent,Roost,StealthRock,WaveCharge|Calm|252,,4,,252,|N||||,,,,,Flying]Clefable||HeavyDutyBoots|Unaware|CalmMind,Moonblast,Moonlight,KnockOff|Bold|252,,252,,4,|N|,0,,,,|||,,,,,Steel]Glaceon||LifeOrb|DiamondDust|FreezeDry,EarthPower,SparkScamper,Blizzard|Timid|,,,252,4,252|N||||,,,,,Ice]Zapdos|ZapdosGalar|FocusSash|Defiant|BrickBreak,Fly,Pluck,Endure|Jolly|4,252,,,,252|N||||,,,,,Fighting]Clodsire||HeavyDutyBoots|Unaware|Earthquake,Recover,PoisonJab,Spikes|Careful|248,,8,,252,|N||||,,,,,Steel]Spiritomb||Leftovers|KeystoneLegion|SoulToll,StrengthSap,WillOWisp,PartingShot|Calm|252,,4,,252,|N||||,,,,,Fairy\",\"rating\":1435}\n>player p2 {\"name\":\"SlimeQueenSamantha\",\"avatar\":\"queen.png\",\"team\":\"Regieleki||LightClay|Transistor|LightScreen,Reflect,Explosion,Thunderbolt|Hasty|252,4,,,,252|N||||,,,,,Electric]Magearna||WeaknessPolicy|SoulHeart|CalmMind,ShiftGear,DrainingKiss,StoredPower|Timid|,,4,252,,252|N|,0,,,,|||,,,,,Fire]Dragonite||HeavyDutyBoots|Multiscale|DragonDance,ExtremeSpeed,IceSpinner,Earthquake|Adamant|,252,,,4,252|N||||,,,,,Normal]Glaceon||LifeOrb|DiamondDust|Blizzard,FreezeDry,AuroraVeil,EarthPower|Modest|,,,252,4,252|N|,0,,,,|||,,,,,Ice]Diancie||Diancite|ClearBody|DiamondStorm,Moonblast,Explosion,Spikes|Hasty|108,,,184,,216|N||||,,,,,Ghost]Garchomp||FiriumZ|RoughSkin|SwordsDance,Earthquake,ScaleShot,FireBlast|Naive|,252,,4,,252|N||||,,,,,Ground\",\"rating\":1499}\n>chat ☆Bunny Stockfish|Good luck! Playing on **stockfish**.\n>p1 team 1, 4, 3, 2, 6, 5\n>p2 team 1, 2, 3, 4, 5, 6\n>p1 switch 6\n>p2 move thunderbolt\n>p1 move earthquake dynamax\n>p2 move lightscreen\n>p2 switch 4\n>p1 move earthquake dynamax\n>p2 move blizzard\n>p1 move earthquake dynamax\n>p2 move auroraveil\n>p1 move earthquake\n>p2 switch 6\n>p1 switch 3\n>p2 move earthquake\n>p1 move blizzard\n>p2 switch 5\n>p1 move earthpower\n>p2 move diamondstorm mega\n>p1 switch 6\n>p1 move imperialtorrent\n>p2 move spikes\n>p1 move imperialtorrent\n>p2 move explosion\n>p2 switch 6\n>p1 move imperialtorrent\n>p2 move auroraveil\n>p1 move imperialtorrent\n>p2 move earthpower\n>p2 switch 5\n>p1 move imperialtorrent\n>p2 move swordsdance\n>p1 move imperialtorrent\n>p2 move earthquake\n>p1 switch 4\n>p1 move moonblast\n>p2 move earthquake dynamax\n>p1 move moonblast\n>p2 move earthquake dynamax\n>p1 switch 2\n>p1 move fly\n>p2 move scaleshot dynamax\n>p1 move fly\n>p2 move scaleshot\n>p1 switch 3\n>p2 switch 2\n>p1 move earthquake\n>p2 move calmmind\n>p1 move earthquake\n>p2 move storedpower\n>p2 switch 3\n>p1 move poisonjab\n>p2 move extremespeed\n>p1 switch 5\n>p1 move willowisp\n>p2 move earthquake terastallize\n>p1 move willowisp\n>p2 move earthquake\n>p1 move strengthsap\n>p2 move earthquake\n>p1 move partingshot\n>p2 move earthquake\n>p1 move partingshot\n>p2 move earthquake\n>p1 move partingshot\n>p2 move earthquake\n>p1 move partingshot\n>p2 move earthquake\n>forcelose p2",
	"uploadtime": 1789681684
}