{
	"id": "gen9rpou-6-tlj24k",
	"format": "[Gen 9] RP OU",
	"players": [
		"Bunny Stockfish",
		"TheRealWhimsicott"
	],
	"rating": null,
	"log": "|j|☆Bunny Stockfish\n|j|☆TheRealWhimsicott\n|t:|1789682974\n|gametype|singles\n|badge|p1|silver|gen9rpou|2-2\n|player|p1|Bunny Stockfish|bunny.png|1422\n|player|p2|TheRealWhimsicott|1|1084\n|gen|9\n|tier|[Gen 9] RP OU\n|rated|\n|rule|HP Percentage Mod: HP is shown in percentages\n|rule|Endless Battle Clause: Forcing endless battles is banned\n|rule|Species Clause: Limit one of each Pokémon\n|rule|OHKO Clause: OHKO moves are banned\n|rule|Evasion Clause: Evasion abilities, items, and moves are banned\n|rule|Evasion Abilities Clause: Evasion abilities are banned\n|rule|Evasion Items Clause: Evasion items are banned\n|rule|Evasion Moves Clause: Evasion moves are banned\n|rule|Sleep Clause Mod: Limit one foe put to sleep\n|clearpoke\n|poke|p1|Glimmora|\n|poke|p1|Spiritomb|\n|poke|p1|Sinistcha|\n|poke|p1|Corviknight|\n|poke|p1|Clodsire|\n|poke|p1|Glaceon|\n|poke|p2|Kingambit|\n|poke|p2|Haxorus|\n|poke|p2|Torterra|\n|poke|p2|Glaceon|\n|poke|p2|Gyarados|\n|poke|p2|Garganacl|\n|teampreview\n|c|☆Bunny Stockfish|Good luck! Playing on **stockfish**.\n|\n|t:|1789682984\n|teamsize|p1|6\n|teamsize|p2|6\n|start\n|switch|p1a: Glaceon|Glaceon|100/100\n|switch|p2a: Glaceon|Glaceon|100/100\n|-weather|Snowscape|[from] ability: Diamond Dust|[of] p1a: Glaceon\n|turn|1\n|\n|t:|1789682987\n|move|p1a: Glaceon|Earth Power|p2a: Glaceon\n|-damage|p2a: Glaceon|46/100\n|-damage|p1a: Glaceon|91/100|[from] item: Life Orb\n|move|p2a: Glaceon|Focus Blast|p1a: Glaceon\n|-supereffective|p1a: Glaceon\n|-damage|p1a: Glaceon|0 fnt\n|faint|p1a: Glaceon\n|\n|-weather|Snowscape|[upkeep]\n|upkeep\n|\n|t:|1789682987\n|switch|p1a: Glimmora|Glimmora|100/100\n|turn|2\n|\n|t:|1789682993\n|-start|p1a: Glimmora|Dynamax|\n|-heal|p1a: Glimmora|100/100|[silent]\n|move|p2a: Glaceon|Focus Blast|p1a: Glimmora\n|-damage|p1a: Glimmora|63/100\n|-enditem|p1a: Glimmora|Red Card|[of] p2a: Glaceon\n|drag|p2a: Garganacl|Garganacl|100/100\n|move|p1a: Glimmora|Max Rockfall|p2a: Garganacl\n|-crit|p2a: Garganacl\n|-damage|p2a: Garganacl|19/100\n|-weather|Sandstorm\n|\n|-weather|Sandstorm|[upkeep]\n|-heal|p2a: Garganacl|25/100|[from] item: Leftovers\n|upkeep\n|turn|3\n|\n|t:|1789683006\n|switch|p2a: Torterra|Torterra|100/100\n|move|p1a: Glimmora|Max Quake|p2a: Torterra\n|-resisted|p2a: Torterra\n|-damage|p2a: Torterra|83/100\n|-boost|p1a: Glimmora|spd|1\n|\n|-weather|Sandstorm|[upkeep]\n|-heal|p2a: Torterra|89/100|[from] item: Leftovers\n|upkeep\n|turn|4\n|\n|t:|1789683011\n|-end|p1a: Glimmora|Dynamax\n|-heal|p1a: Glimmora|63/100|[silent]\n|switch|p1a: Corviknight|Corviknight|100/100\n|-ability|p1a: Corviknight|Unnerve\n|move|p2a: Torterra|Tectonic Shell|p2a: Torterra\n|-heal|p2a: Torterra|100/100\n|-sidestart|p1: Bunny Stockfish|move: Stealth Rock\n|\n|-weather|Sandstorm|[upkeep]\n|upkeep\n|turn|5\n|\n|t:|1789683015\n|switch|p2a: Kingambit|Kingambit|100/100\n|move|p1a: Corviknight|Defog|p2a: Kingambit\n|-unboost|p2a: Kingambit|evasion|1\n|-ability|p2a: Kingambit|Defiant|boost\n|-boost|p2a: Kingambit|atk|2\n|-sideend|p1: Bunny Stockfish|Stealth Rock|[from] move: Defog|[of] p1a: Corviknight\n|\n|-weather|Sandstorm|[upkeep]\n|upkeep\n|turn|6\n|\n|t:|1789683018\n|move|p1a: Corviknight|Body Press|p2a: Kingambit\n|-supereffective|p2a: Kingambit\n|-damage|p2a: Kingambit|21/100\n|move|p2a: Kingambit|Knock Off|p1a: Corviknight\n|-damage|p1a: Corviknight|25/100\n|-enditem|p1a: Corviknight|Leftovers|[from] move: Knock Off|[of] p2a: Kingambit\n|\n|-weather|none\n|upkeep\n|turn|7\n|\n|t:|1789683021\n|move|p2a: Kingambit|Sucker Punch|p1a: Corviknight\n|-damage|p1a: Corviknight|0 fnt\n|faint|p1a: Corviknight\n|\n|upkeep\n|\n|t:|1789683021\n|switch|p1a: Clodsire|Clodsire|100/100\n|turn|8\n|\n|t:|1789683031\n|switch|p2a: Gyarados|Gyarados|100/100\n|-ability|p2a: Gyarados|Intimidate|boost\n|-unboost|p1a: Clodsire|atk|1\n|move|p1a: Clodsire|Earthquake|p2a: Gyarados\n|-immune|p2a: Gyarados\n|\n|upkeep\n|turn|9\n|\n|t:|1789683034\n|-terastallize|p1a: Clodsire|Steel\n|move|p2a: Gyarados|Dragon Dance|p2a: Gyarados\n|-boost|p2a: Gyarados|atk|1\n|-boost|p2a: Gyarados|spe|1\n|move|p1a: Clodsire|Poison Jab|p2a: Gyarados\n|-damage|p2a: Gyarados|83/100\n|-status|p2a: Gyarados|psn\n|\n|-damage|p2a: Gyarados|71/100 psn|[from] psn\n|upkeep\n|turn|10\n|\n|t:|1789683038\n|detailschange|p2a: Gyarados|Gyarados-Mega\n|-mega|p2a: Gyarados|Gyarados|Gyaradosite\n|-ability|p2a: Gyarados|Mold Breaker\n|move|p2a: Gyarados|Earthquake|p1a: Clodsire\n|-supereffective|p1a: Clodsire\n|-damage|p1a: Clodsire|0 fnt\n|faint|p1a: Clodsire\n|\n|-damage|p2a: Gyarados|59/100 psn|[from] psn\n|upkeep\n|\n|t:|1789683038\n|switch|p1a: Sinistcha|Sinistcha|100/100\n|turn|11\n|\n|t:|1789683040\n|move|p2a: Gyarados|Crunch|p1a: Sinistcha\n|-supereffective|p1a: Sinistcha\n|-damage|p1a: Sinistcha|0 fnt\n|faint|p1a: Sinistcha\n|\n|-damage|p2a: Gyarados|46/100 psn|[from] psn\n|upkeep\n|\n|t:|1789683040\n|switch|p1a: Spiritomb|Spiritomb|100/100\n|turn|12\n|\n|t:|1789683043\n|move|p2a: Gyarados|Waterfall|p1a: Spiritomb\n|-damage|p1a: Spiritomb|39/100\n|move|p1a: Spiritomb|Soul Toll|p2a: Gyarados\n|-resisted|p2a: Gyarados\n|-damage|p2a: Gyarados|25/100 psn\n|\n|-heal|p1a: Spiritomb|45/100|[from] item: Leftovers\n|-damage|p2a: Gyarados|12/100 psn|[from] psn\n|upkeep\n|turn|13\n|\n|t:|1789683046\n|move|p2a: Gyarados|Waterfall|p1a: Spiritomb\n|-damage|p1a: Spiritomb|0 fnt\n|faint|p1a: Spiritomb\n|\n|-damage|p2a: Gyarados|0 fnt|[from] psn\n|faint|p2a: Gyarados\n|detailschange|p2: Gyarados|Gyarados|[silent]\n|upkeep\n|\n|t:|1789683049\n|switch|p2a: Kingambit|Kingambit|21/100\n|switch|p1a: Glimmora|Glimmora|63/100\n|turn|14\n|\n|t:|1789683052\n|-terastallize|p2a: Kingambit|Dark\n|move|p2a: Kingambit|Sucker Punch|p1a: Glimmora\n|-crit|p1a: Glimmora\n|-damage|p1a: Glimmora|0 fnt\n|-activate|p1a: Glimmora|ability: Toxic Debris\n|-sidestart|p2: TheRealWhimsicott|move: Toxic Spikes\n|faint|p1a: Glimmora\n|\n|win|TheRealWhimsicott\n",
	"inputlog": ">start {\"formatid\":\"gen9rpou\",\"seed\":\"sodium,5d8ac087983e17c6d2288d943d235b54\",\"rated\":\"Rated battle\"}\n>player p1 {\"name\":\"Bunny Stockfish\",\"avatar\":\"bunny.png\",\"team\":\"Glimmora||RedCard|ToxicDebris|StealthRock,MortalSpin,EarthPower,PowerGem|Bold|252,,252,,4,|N||||,,,,,Ghost]Spiritomb||Leftovers|KeystoneLegion|SoulToll,StrengthSap,WillOWisp,CarrionFeast|Calm|252,,4,,252,|N||||,,,,,Fairy]Sinistcha||HeavyDutyBoots|Heatproof|CalmMind,MatchaGotcha,ShadowBall,StrengthSap|Bold|252,,252,,4,|N||||,,,,,Poison]Corviknight||Leftovers|Unnerve|BodyPress,Defog,Uturn,Roost|Impish|248,,252,,8,|N||||,,,,,Dragon]Clodsire||HeavyDutyBoots|Unaware|Earthquake,Recover,PoisonJab,Amnesia|Careful|248,,8,,252,|N||||,,,,,Steel]Glaceon||LifeOrb|DiamondDust|Blizzard,EarthPower,SparkScamper,FreezeDry|Timid|,,,252,4,252|N||||,,,,,Ice\",\"rating\":1422}\n>player p2 {\"name\":\"TheRealWhimsicott\",\"avatar\":\"1\",\"team\":\"Kingambit||BlackGlasses|Defiant|KnockOff,Pursuit,SuckerPunch,SwordsDance|Adamant|252,252,,,4,|N||||,,,,,Dark]Haxorus||Leftovers|MoldBreaker|HoneClaws,ScaleShot,Earthquake,IronHead|Jolly|4,252,,,,252|N||||,,,,,Steel]Torterra||Leftovers|WorldTurtle|TectonicShell,HeadlongRush,RapidSpin,ElderTimber|Adamant|252,252,,,4,|N||||,,,,,Ghost]Glaceon||ChoiceSpecs|DiamondDust|EarthPower,FreezeDry,FocusBlast,Blizzard|Modest|,,,252,4,252|N|,0,,,,|||,,,,,Ice]Gyarados||Gyaradosite|Intimidate|DragonDance,Earthquake,Waterfall,Crunch|Adamant|4,252,,,,252|N||||,,,,,Water]Garganacl||Leftovers|PurifyingSalt|Curse,SaltCure,BodyPress,Recover|Impish|252,4,252,,,|N||||,,,,,Ghost\",\"rating\":1084}\n>chat ☆Bunny Stockfish|Good luck! Playing on **stockfish**.\n>p1 team 6, 1, 3, 4, 2, 5\n>p2 team 4, 2, 3, 1, 5, 6\n>p1 move earthpower\n>p2 move focusblast\n>p1 switch 2\n>p1 move powergem dynamax\n>p2 move focusblast\n>p1 move earthpower dynamax\n>p2 switch 3\n>p1 switch 4\n>p2 move tectonicshell\n>p1 move defog\n>p2 switch 4\n>p1 move bodypress\n>p2 move knockoff\n>p1 move bodypress\n>p2 move suckerpunch\n>p1 switch 6\n>p1 move earthquake\n>p2 switch 5\n>p1 move poisonjab terastallize\n>p2 move dragondance\n>p1 move amnesia\n>p2 move earthquake mega\n>p1 switch 3\n>p1 move matchagotcha\n>p2 move crunch\n>p1 switch 5\n>p1 move soultoll\n>p2 move waterfall\n>p1 move soultoll\n>p2 move waterfall\n>p1 switch 4\n>p2 switch 5\n>p1 move earthpower\n>p2 move suckerpunch terastallize",
	"uploadtime": 1789683052
}