{
	"id": "gen9rprandombattle-1-tlrvqj",
	"format": "[Gen 9] RP Random Battle",
	"players": [
		"Bunny Stockfish",
		"SlimeQueenSamantha"
	],
	"rating": null,
	"log": "|j|☆Bunny Stockfish\n|j|☆SlimeQueenSamantha\n|t:|1790092209\n|gametype|singles\n|badge|p1|silver|gen9rprandombattle|2-2\n|player|p1|Bunny Stockfish|bunny.png|1332\n|player|p2|SlimeQueenSamantha|queen.png|1231\n|gen|9\n|tier|[Gen 9] RP Random Battle\n|rated|\n|rule|Species Clause: Limit one of each Pokémon\n|rule|HP Percentage Mod: HP is shown in percentages\n|rule|Sleep Clause Mod: Limit one foe put to sleep\n|rule|Illusion Level Mod: Illusion disguises the Pokémon's true level\n|\n|t:|1790092210\n|teamsize|p1|6\n|teamsize|p2|6\n|start\n|switch|p1a: Scovillain|Scovillain, L91, F|266/266\n|switch|p2a: Mismagius|Mismagius, L86, M|243/243\n|turn|1\n|c|☆Bunny Stockfish|Good luck! Playing on **stockfish**.\n|\n|t:|1790092220\n|move|p2a: Mismagius|Shadow Ball|p1a: Scovillain\n|-damage|p1a: Scovillain|103/266\n|-unboost|p1a: Scovillain|spd|1\n|move|p1a: Scovillain|Fire Blast|p2a: Mismagius\n|-damage|p2a: Mismagius|57/243\n|\n|upkeep\n|turn|2\n|\n|t:|1790092222\n|move|p2a: Mismagius|Shadow Ball|p1a: Scovillain\n|-damage|p1a: Scovillain|0 fnt\n|faint|p1a: Scovillain\n|\n|upkeep\n|\n|t:|1790092223\n|switch|p1a: Regidrago|Regidrago, L77|435/435\n|turn|3\n|\n|t:|1790092227\n|move|p2a: Mismagius|Shadow Ball|p1a: Regidrago\n|-damage|p1a: Regidrago|189/435\n|move|p1a: Regidrago|Dragon Claw|p2a: Mismagius\n|-damage|p2a: Mismagius|0 fnt\n|faint|p2a: Mismagius\n|-damage|p1a: Regidrago|146/435|[from] item: Life Orb\n|\n|upkeep\n|\n|t:|1790092231\n|switch|p2a: Galvantula|Galvantula, L82, F|249/249\n|turn|4\n|\n|t:|1790092233\n|switch|p1a: Arceus|Arceus-Electric, L70|284/284\n|move|p2a: Galvantula|Sticky Web|p1a: Arceus\n|-sidestart|p1: Bunny Stockfish|move: Sticky Web\n|\n|upkeep\n|turn|5\n|\n|t:|1790092239\n|switch|p2a: Golem|Golem, L87, F|281/281\n|move|p1a: Arceus|Calm Mind|p1a: Arceus\n|-boost|p1a: Arceus|spa|1\n|-boost|p1a: Arceus|spd|1\n|\n|upkeep\n|turn|6\n|\n|t:|1790092244\n|switch|p1a: Palkia|Palkia, L75|259/259\n|-activate|p1a: Palkia|move: Sticky Web\n|-unboost|p1a: Palkia|spe|1\n|-ability|p1a: Palkia|Pressure\n|move|p2a: Golem|Earthquake|p1a: Palkia\n|-damage|p1a: Palkia|126/259\n|\n|upkeep\n|turn|7\n|\n|t:|1790092249\n|move|p1a: Palkia|Hydro Pump|p2a: Golem\n|-supereffective|p2a: Golem\n|-ability|p2a: Golem|Sturdy\n|-damage|p2a: Golem|1/281\n|move|p2a: Golem|Stealth Rock|p1a: Palkia\n|-sidestart|p1: Bunny Stockfish|move: Stealth Rock\n|\n|upkeep\n|turn|8\n|-enditem|p2a: Golem|Custap Berry|[eat]\n|-activate|p2a: Golem|item: Custap Berry|[consumed]\n|\n|t:|1790092314\n|move|p2a: Golem|Crag Hammer|p1a: Palkia\n|-damage|p1a: Palkia|0 fnt\n|faint|p1a: Palkia\n|\n|upkeep\n|\n|t:|1790092314\n|switch|p1a: Chesnaught|Chesnaught, L84, M|285/285\n|-activate|p1a: Chesnaught|move: Sticky Web\n|-unboost|p1a: Chesnaught|spe|1\n|-damage|p1a: Chesnaught|268/285|[from] Stealth Rock\n|turn|9\n|\n|t:|1790092320\n|move|p2a: Golem|Crag Hammer|p1a: Chesnaught\n|-resisted|p1a: Chesnaught\n|-damage|p1a: Chesnaught|219/285\n|-unboost|p1a: Chesnaught|def|1\n|move|p1a: Chesnaught|Trailblaze|p2a: Golem\n|-supereffective|p2a: Golem\n|-damage|p2a: Golem|0 fnt\n|-boost|p1a: Chesnaught|spe|1\n|faint|p2a: Golem\n|\n|-heal|p1a: Chesnaught|236/285|[from] item: Leftovers\n|upkeep\n|\n|t:|1790092328\n|switch|p2a: Galvantula|Galvantula, L82, F|249/249\n|turn|10\n|\n|t:|1790092331\n|move|p2a: Galvantula|Bug Buzz|p1a: Chesnaught\n|-damage|p1a: Chesnaught|143/285\n|move|p1a: Chesnaught|Body Press|p2a: Galvantula\n|-resisted|p2a: Galvantula\n|-damage|p2a: Galvantula|204/249\n|\n|-heal|p1a: Chesnaught|160/285|[from] item: Leftovers\n|upkeep\n|turn|11\n|\n|t:|1790092336\n|switch|p1a: Arceus|Arceus-Electric, L70|284/284\n|-activate|p1a: Arceus|move: Sticky Web\n|-unboost|p1a: Arceus|spe|1\n|-damage|p1a: Arceus|249/284|[from] Stealth Rock\n|move|p2a: Galvantula|Thunder|p1a: Arceus\n|-resisted|p1a: Arceus\n|-damage|p1a: Arceus|198/284\n|\n|upkeep\n|turn|12\n|\n|t:|1790092343\n|switch|p1a: Ursaluna|Ursaluna-Bloodmoon, L79, M|308/308\n|-activate|p1a: Ursaluna|move: Sticky Web\n|-unboost|p1a: Ursaluna|spe|1\n|-damage|p1a: Ursaluna|289/308|[from] Stealth Rock\n|move|p2a: Galvantula|Bug Buzz|p1a: Ursaluna\n|-damage|p1a: Ursaluna|160/308\n|\n|-heal|p1a: Ursaluna|179/308|[from] item: Leftovers\n|upkeep\n|turn|13\n|\n|t:|1790092346\n|move|p2a: Galvantula|Energy Ball|p1a: Ursaluna\n|-supereffective|p1a: Ursaluna\n|-damage|p1a: Ursaluna|5/308\n|move|p1a: Ursaluna|Blood Moon|p2a: Galvantula\n|-damage|p2a: Galvantula|0 fnt\n|faint|p2a: Galvantula\n|\n|-heal|p1a: Ursaluna|24/308|[from] item: Leftovers\n|upkeep\n|\n|t:|1790092349\n|switch|p2a: Feraligatr|Feraligatr, L79, F|264/264\n|turn|14\n|\n|t:|1790092352\n|switch|p1a: Chesnaught|Chesnaught, L84, M|160/285\n|-activate|p1a: Chesnaught|move: Sticky Web\n|-unboost|p1a: Chesnaught|spe|1\n|-damage|p1a: Chesnaught|143/285|[from] Stealth Rock\n|move|p2a: Feraligatr|Dragon Dance|p2a: Feraligatr\n|-boost|p2a: Feraligatr|atk|1\n|-boost|p2a: Feraligatr|spe|1\n|\n|-heal|p1a: Chesnaught|160/285|[from] item: Leftovers\n|upkeep\n|turn|15\n|\n|t:|1790092357\n|move|p2a: Feraligatr|Ice Punch|p1a: Chesnaught\n|-supereffective|p1a: Chesnaught\n|-damage|p1a: Chesnaught|0 fnt\n|faint|p1a: Chesnaught\n|\n|upkeep\n|\n|t:|1790092357\n|switch|p1a: Arceus|Arceus-Electric, L70|198/284\n|-activate|p1a: Arceus|move: Sticky Web\n|-unboost|p1a: Arceus|spe|1\n|-damage|p1a: Arceus|163/284|[from] Stealth Rock\n|turn|16\n|\n|t:|1790092361\n|-terastallize|p1a: Arceus|Electric\n|move|p2a: Feraligatr|Liquidation|p1a: Arceus\n|-damage|p1a: Arceus|0 fnt\n|faint|p1a: Arceus\n|\n|upkeep\n|\n|t:|1790092361\n|switch|p1a: Regidrago|Regidrago, L77|146/435\n|-activate|p1a: Regidrago|move: Sticky Web\n|-unboost|p1a: Regidrago|spe|1\n|-damage|p1a: Regidrago|92/435|[from] Stealth Rock\n|turn|17\n|\n|t:|1790092367\n|move|p2a: Feraligatr|Crunch|p1a: Regidrago\n|-damage|p1a: Regidrago|0 fnt\n|faint|p1a: Regidrago\n|\n|upkeep\n|\n|t:|1790092367\n|switch|p1a: Ursaluna|Ursaluna-Bloodmoon, L79, M|24/308\n|-activate|p1a: Ursaluna|move: Sticky Web\n|-unboost|p1a: Ursaluna|spe|1\n|-damage|p1a: Ursaluna|5/308|[from] Stealth Rock\n|turn|18\n|\n|t:|1790092370\n|move|p2a: Feraligatr|Ice Punch|p1a: Ursaluna\n|-supereffective|p1a: Ursaluna\n|-damage|p1a: Ursaluna|0 fnt\n|faint|p1a: Ursaluna\n|\n|win|SlimeQueenSamantha\n",
	"inputlog": ">start {\"formatid\":\"gen9rprandombattle\",\"seed\":\"sodium,7b2f7877d5fa877e5e444a984cff6247\",\"rated\":\"Rated battle\"}\n>player p1 {\"name\":\"Bunny Stockfish\",\"avatar\":\"bunny.png\",\"rating\":1332,\"seed\":\"sodium,3864cec0ea5cb88626659b2dbd59ddf3\"}\n>player p2 {\"name\":\"SlimeQueenSamantha\",\"avatar\":\"queen.png\",\"rating\":1231,\"seed\":\"sodium,e0c284dddbd018deed5b84970458811c\"}\n>chat ☆Bunny Stockfish|Good luck! Playing on **stockfish**.\n>p1 move fireblast\n>p2 move shadowball\n>p1 move fireblast\n>p2 move shadowball\n>p1 switch 2\n>p1 move dragonclaw\n>p2 move shadowball\n>p2 switch 4\n>p1 switch 4\n>p2 move stickyweb\n>p1 move calmmind\n>p2 switch 3\n>p1 switch 5\n>p2 move earthquake\n>p1 move hydropump\n>p2 move stealthrock\n>p1 move hydropump\n>p2 move craghammer\n>p1 switch 3\n>p1 move trailblaze\n>p2 move craghammer\n>p2 switch 3\n>p1 move bodypress\n>p2 move bugbuzz\n>p1 switch 5\n>p2 move thunder\n>p1 switch 6\n>p2 move bugbuzz\n>p1 move bloodmoon\n>p2 move energyball\n>p2 switch 5\n>p1 switch 5\n>p2 move dragondance\n>p1 move irondefense\n>p2 move icepunch\n>p1 switch 6\n>p1 move judgment terastallize\n>p2 move liquidation\n>p1 switch 4\n>p1 move dragonclaw\n>p2 move crunch\n>p1 switch 5\n>p1 move bloodmoon\n>p2 move icepunch",
	"uploadtime": 1790092370
}