{
	"id": "gen9rpou-2-tlix9t",
	"format": "[Gen 9] RP OU",
	"players": [
		"Bunny Stockfish",
		"SlimeQueenSamantha"
	],
	"rating": null,
	"log": "|j|☆Bunny Stockfish\n|j|☆SlimeQueenSamantha\n|t:|1789674212\n|gametype|singles\n|badge|p1|silver|gen9rpou|2-2\n|badge|p2|gold|gen9rpou|1-1\n|player|p1|Bunny Stockfish|bunny.png|1359\n|player|p2|SlimeQueenSamantha|queen.png|1601\n|gen|9\n|tier|[Gen 9] RP OU\n|rated|\n|rule|HP Percentage Mod: HP is shown in percentages\n|rule|Endless Battle Clause: Forcing endless battles is banned\n|rule|Species Clause: Limit one of each Pokémon\n|rule|OHKO Clause: OHKO moves are banned\n|rule|Evasion Clause: Evasion abilities, items, and moves are banned\n|rule|Evasion Abilities Clause: Evasion abilities are banned\n|rule|Evasion Items Clause: Evasion items are banned\n|rule|Evasion Moves Clause: Evasion moves are banned\n|rule|Sleep Clause Mod: Limit one foe put to sleep\n|clearpoke\n|poke|p1|Empoleon|\n|poke|p1|Spiritomb|\n|poke|p1|Gliscor|\n|poke|p1|Samurott-Hisui|\n|poke|p1|Iron Moth|\n|poke|p1|Ogerpon|\n|poke|p2|Spiritomb|\n|poke|p2|Glaceon|\n|poke|p2|Garchomp|\n|poke|p2|Roserade|\n|poke|p2|Togekiss|\n|poke|p2|Lucario|\n|teampreview\n|c|☆Bunny Stockfish|Good luck! Playing on **stockfish**.\n|\n|t:|1789674216\n|teamsize|p1|6\n|teamsize|p2|6\n|start\n|switch|p1a: Iron Moth|Iron Moth|100/100\n|switch|p2a: Glaceon|Glaceon|100/100\n|-weather|Snowscape|[from] ability: Diamond Dust|[of] p2a: Glaceon\n|turn|1\n|\n|t:|1789674219\n|-start|p2a: Glaceon|Dynamax|\n|-heal|p2a: Glaceon|100/100|[silent]\n|-terastallize|p1a: Iron Moth|Fire\n|move|p2a: Glaceon|Max Quake|p1a: Iron Moth\n|-supereffective|p1a: Iron Moth\n|-damage|p1a: Iron Moth|0 fnt\n|-boost|p2a: Glaceon|spd|1\n|faint|p1a: Iron Moth\n|-end|p1a: Iron Moth|Quark Drive|[silent]\n|-damage|p2a: Glaceon|96/100|[from] item: Life Orb\n|\n|-weather|Snowscape|[upkeep]\n|upkeep\n|\n|t:|1789674220\n|switch|p1a: Samurott|Samurott-Hisui|100/100\n|turn|2\n|\n|t:|1789674227\n|-start|p1a: Samurott|Dynamax|\n|-heal|p1a: Samurott|100/100|[silent]\n|move|p2a: Glaceon|Max Guard|p2a: Glaceon\n|-singleturn|p2a: Glaceon|Max Guard\n|move|p1a: Samurott|Max Knuckle|p2a: Glaceon\n|-activate|p2a: Glaceon|move: Max Guard\n|\n|-weather|Snowscape|[upkeep]\n|upkeep\n|turn|3\n|\n|t:|1789674233\n|-end|p2a: Glaceon|Dynamax\n|-heal|p2a: Glaceon|96/100|[silent]\n|switch|p2a: Roserade|Roserade|100/100\n|-ability|p2a: Roserade|Masquerade\n|-start|p1a: Samurott|move: Taunt\n|move|p1a: Samurott|Max Knuckle|p2a: Roserade\n|-resisted|p2a: Roserade\n|-damage|p2a: Roserade|76/100\n|-boost|p1a: Samurott|atk|1\n|\n|-weather|Snowscape|[upkeep]\n|upkeep\n|turn|4\n|\n|t:|1789674237\n|move|p2a: Roserade|Thorned Bouquet|p1a: Samurott\n|-supereffective|p1a: Samurott\n|-damage|p1a: Samurott|36/100\n|-heal|p2a: Roserade|100/100|[from] drain|[of] p1a: Samurott\n|-status|p1a: Samurott|psn\n|move|p1a: Samurott|Max Darkness|p2a: Roserade\n|-damage|p2a: Roserade|0 fnt\n|faint|p2a: Roserade\n|\n|-weather|Snowscape|[upkeep]\n|-damage|p1a: Samurott|29/100 psn|[from] psn\n|upkeep\n|\n|t:|1789674245\n|switch|p2a: Glaceon|Glaceon|96/100\n|-end|p1a: Samurott|Dynamax\n|-heal|p1a: Samurott|29/100 psn|[silent]\n|turn|5\n|\n|t:|1789674246\n|move|p2a: Glaceon|Freeze-Dry|p1a: Samurott\n|-supereffective|p1a: Samurott\n|-crit|p1a: Samurott\n|-damage|p1a: Samurott|0 fnt\n|faint|p1a: Samurott\n|-damage|p2a: Glaceon|86/100|[from] item: Life Orb\n|\n|-weather|none\n|upkeep\n|\n|t:|1789674246\n|switch|p1a: Empoleon|Empoleon|100/100\n|turn|6\n|\n|t:|1789674251\n|switch|p2a: Garchomp|Garchomp|100/100\n|move|p1a: Empoleon|Imperial Torrent|p2a: Garchomp\n|-damage|p2a: Garchomp|53/100\n|\n|upkeep\n|turn|7\n|\n|t:|1789674253\n|move|p2a: Garchomp|Stealth Rock|p1a: Empoleon\n|-sidestart|p1: Bunny Stockfish|move: Stealth Rock\n|move|p1a: Empoleon|Imperial Torrent|p2a: Garchomp\n|-damage|p2a: Garchomp|0 fnt\n|faint|p2a: Garchomp\n|\n|upkeep\n|\n|t:|1789674260\n|switch|p2a: Lucario|Lucario|100/100\n|turn|8\n|\n|t:|1789674262\n|detailschange|p2a: Lucario|Lucario-Mega-Z\n|-mega|p2a: Lucario|Lucario|Lucarionite Z\n|move|p2a: Lucario|Aura Sphere|p1a: Empoleon\n|-supereffective|p1a: Empoleon\n|-damage|p1a: Empoleon|39/100\n|move|p1a: Empoleon|Imperial Torrent|p2a: Lucario\n|-damage|p2a: Lucario|10/100\n|\n|-heal|p1a: Empoleon|45/100|[from] item: Leftovers\n|upkeep\n|turn|9\n|\n|t:|1789674266\n|move|p2a: Lucario|Aura Sphere|p1a: Empoleon\n|-supereffective|p1a: Empoleon\n|-damage|p1a: Empoleon|0 fnt\n|faint|p1a: Empoleon\n|\n|upkeep\n|\n|t:|1789674266\n|switch|p1a: Gliscor|Gliscor|100/100\n|-damage|p1a: Gliscor|88/100|[from] Stealth Rock\n|turn|10\n|\n|t:|1789674269\n|move|p2a: Lucario|Hidden Power|p1a: Gliscor\n|-supereffective|p1a: Gliscor\n|-damage|p1a: Gliscor|0 fnt\n|faint|p1a: Gliscor\n|\n|upkeep\n|\n|t:|1789674269\n|switch|p1a: Spiritomb|Spiritomb|100/100\n|-damage|p1a: Spiritomb|88/100|[from] Stealth Rock\n|turn|11\n|\n|t:|1789674271\n|move|p2a: Lucario|Flash Cannon|p1a: Spiritomb\n|-damage|p1a: Spiritomb|58/100\n|move|p1a: Spiritomb|Soul Toll|p2a: Lucario\n|-damage|p2a: Lucario|0 fnt\n|faint|p2a: Lucario\n|detailschange|p2: Lucario|Lucario|[silent]\n|\n|-heal|p1a: Spiritomb|64/100|[from] item: Leftovers\n|upkeep\n|\n|t:|1789674278\n|switch|p2a: Glaceon|Glaceon|86/100\n|-weather|Snowscape|[from] ability: Diamond Dust|[of] p2a: Glaceon\n|turn|12\n|\n|t:|1789674279\n|move|p2a: Glaceon|Blizzard|p1a: Spiritomb\n|-damage|p1a: Spiritomb|18/100\n|-damage|p2a: Glaceon|76/100|[from] item: Life Orb\n|move|p1a: Spiritomb|Soul Toll|p2a: Glaceon\n|-damage|p2a: Glaceon|37/100\n|\n|-weather|Snowscape|[upkeep]\n|-heal|p1a: Spiritomb|24/100|[from] item: Leftovers\n|upkeep\n|turn|13\n|\n|t:|1789674285\n|move|p2a: Glaceon|Blizzard|p1a: Spiritomb\n|-ability|p1a: Spiritomb|Keystone Legion\n|-message|The spirits of the keystone shield Spiritomb!\n|-start|p2a: Glaceon|Curse|[of] p1a: Spiritomb\n|-damage|p1a: Spiritomb|1/100\n|-damage|p2a: Glaceon|27/100|[from] item: Life Orb\n|move|p1a: Spiritomb|Soul Toll|p2a: Glaceon\n|-damage|p2a: Glaceon|0 fnt\n|-heal|p1a: Spiritomb|10/100|[from] drain|[of] p2a: Glaceon\n|faint|p2a: Glaceon\n|-message|A soul joins the legion. Spiritomb's keystone mends!\n|\n|-weather|Snowscape|[upkeep]\n|-heal|p1a: Spiritomb|17/100|[from] item: Leftovers\n|upkeep\n|\n|t:|1789674289\n|switch|p2a: Togekiss|Togekiss|100/100\n|turn|14\n|\n|t:|1789674290\n|move|p2a: Togekiss|Air Slash|p1a: Spiritomb\n|-ability|p1a: Spiritomb|Keystone Legion\n|-message|The spirits of the keystone shield Spiritomb!\n|-start|p2a: Togekiss|Curse|[of] p1a: Spiritomb\n|-damage|p1a: Spiritomb|1/100\n|cant|p1a: Spiritomb|flinch\n|\n|-weather|Snowscape|[upkeep]\n|-heal|p1a: Spiritomb|7/100|[from] item: Leftovers\n|-damage|p2a: Togekiss|76/100|[from] Curse\n|upkeep\n|turn|15\n|\n|t:|1789674292\n|move|p1a: Spiritomb|Soul Toll|p2a: Togekiss\n|-damage|p2a: Togekiss|17/100\n|-heal|p1a: Spiritomb|32/100|[from] drain|[of] p2a: Togekiss\n|move|p2a: Togekiss|Air Slash|p1a: Spiritomb\n|-damage|p1a: Spiritomb|10/100\n|\n|-weather|Snowscape|[upkeep]\n|-heal|p1a: Spiritomb|16/100|[from] item: Leftovers\n|-damage|p2a: Togekiss|0 fnt|[from] Curse\n|faint|p2a: Togekiss\n|-message|A soul joins the legion. Spiritomb's keystone mends!\n|upkeep\n|\n|t:|1789674299\n|switch|p2a: Spiritomb|Spiritomb|100/100\n|turn|16\n|\n|t:|1789674302\n|move|p2a: Spiritomb|Soul Toll|p1a: Spiritomb\n|-ability|p1a: Spiritomb|Keystone Legion\n|-message|The spirits of the keystone shield Spiritomb!\n|-start|p2a: Spiritomb|Curse|[of] p1a: Spiritomb\n|-damage|p1a: Spiritomb|1/100\n|move|p1a: Spiritomb|Soul Toll|p2a: Spiritomb\n|-damage|p2a: Spiritomb|65/100\n|-heal|p1a: Spiritomb|19/100|[from] drain|[of] p2a: Spiritomb\n|\n|-weather|none\n|-heal|p1a: Spiritomb|25/100|[from] item: Leftovers\n|-heal|p2a: Spiritomb|71/100|[from] item: Leftovers\n|-damage|p2a: Spiritomb|46/100|[from] Curse\n|upkeep\n|turn|17\n|\n|t:|1789674306\n|switch|p1a: Ogerpon|Ogerpon|100/100\n|-damage|p1a: Ogerpon|88/100|[from] Stealth Rock\n|move|p2a: Spiritomb|Strength Sap|p1a: Ogerpon\n|-unboost|p1a: Ogerpon|atk|1\n|-ability|p1a: Ogerpon|Defiant|boost\n|-boost|p1a: Ogerpon|atk|2\n|-heal|p2a: Spiritomb|100/100\n|\n|-damage|p2a: Spiritomb|76/100|[from] Curse\n|upkeep\n|turn|18\n|\n|t:|1789674314\n|move|p1a: Ogerpon|Ivy Cudgel|p2a: Spiritomb\n|-ability|p2a: Spiritomb|Keystone Legion\n|-message|The spirits of the keystone shield Spiritomb!\n|-start|p1a: Ogerpon|Curse|[of] p2a: Spiritomb\n|-damage|p2a: Spiritomb|1/100\n|move|p2a: Spiritomb|Will-O-Wisp|p1a: Ogerpon\n|-status|p1a: Ogerpon|brn\n|\n|-heal|p2a: Spiritomb|7/100|[from] item: Leftovers\n|-damage|p1a: Ogerpon|82/100 brn|[from] brn\n|-damage|p1a: Ogerpon|57/100 brn|[from] Curse\n|-damage|p2a: Spiritomb|0 fnt|[from] Curse\n|faint|p2a: Spiritomb\n|\n|win|Bunny Stockfish\n",
	"inputlog": ">start {\"formatid\":\"gen9rpou\",\"seed\":\"sodium,bd0de3e6ec6333cdadcd60d23692d428\",\"rated\":\"Rated battle\"}\n>player p1 {\"name\":\"Bunny Stockfish\",\"avatar\":\"bunny.png\",\"team\":\"Empoleon||Leftovers|EmperorsPride|ImperialTorrent,Roost,StealthRock,RoyalDecree|Calm|252,,4,,252,|N||||,,,,,Flying]Spiritomb||Leftovers|KeystoneLegion|SoulToll,CarrionFeast,WillOWisp,PartingShot|Calm|252,,4,,252,|N||||,,,,,Fairy]Gliscor||Leftovers|PoisonHeal|Earthquake,ToxicSpikes,KnockOff,HiveFrenzy|Impish|252,,252,,4,|N||||,,,,,Water]Samurott|SamurottHisui|ChoiceScarf|Sharpness|RazorShell,FlipTurn,CeaselessEdge,SacredSword|Jolly|,252,,,4,252|N||||,,,,,Dark]Iron Moth||ChoiceSpecs|QuarkDrive|Overheat,FieryDance,SludgeWave,EnergyBall|Timid|,,4,252,,252|N|,0,,,,|||,,,,,Fire]Ogerpon||ChoiceBand|Defiant|IvyCudgel,KnockOff,Uturn,LowKick|Jolly|,252,4,,,252|N||||,,,,,Grass\",\"rating\":1359}\n>player p2 {\"name\":\"SlimeQueenSamantha\",\"avatar\":\"queen.png\",\"team\":\"Spiritomb||Leftovers|KeystoneLegion|SoulToll,StrengthSap,PartingShot,WillOWisp|Calm|252,,4,,252,|N||||,,,,,Fairy]Glaceon||LifeOrb|DiamondDust|Blizzard,FreezeDry,AuroraVeil,EarthPower|Modest|,,4,252,,252|N|,0,,,,|||,,,,,Ice]Garchomp||RockyHelmet|RoughSkin|Earthquake,DragonTail,StealthRock,Spikes|Impish|252,,216,,,40|N||||,,,,,Ghost]Roserade||HeavyDutyBoots|Masquerade|ThornedBouquet,Oxidize,NastyPlot,MortalSpin|Timid|,,,252,4,252|N||||,,,,,Water]Togekiss||ChoiceScarf|SereneGrace|AirSlash,Uturn,AlluringVoice,Flamethrower|Timid|,,,252,4,252|N||||,,,,,Flying]Lucario||LucarioniteZ|Steadfast|NastyPlot,AuraSphere,FlashCannon,HiddenPowerIce|Timid|,,,252,,252|N|,0,,,,|||,Ice,,,,Ghost\",\"rating\":1601}\n>chat ☆Bunny Stockfish|Good luck! Playing on **stockfish**.\n>p1 team 5, 6, 4, 3, 1, 2\n>p2 team 2, 1, 3, 4, 5, 6\n>p1 move overheat terastallize\n>p2 move earthpower dynamax\n>p1 switch 3\n>p1 move sacredsword dynamax\n>p2 move auroraveil dynamax\n>p1 move sacredsword dynamax\n>p2 switch 4\n>p1 move ceaselessedge dynamax\n>p2 move thornedbouquet\n>p2 switch 4\n>p1 move sacredsword\n>p2 move freezedry\n>p1 switch 5\n>p1 move imperialtorrent\n>p2 switch 3\n>p1 move imperialtorrent\n>p2 move stealthrock\n>p2 switch 6\n>p1 move imperialtorrent\n>p2 move aurasphere mega\n>p1 move imperialtorrent\n>p2 move aurasphere\n>p1 switch 4\n>p1 move earthquake\n>p2 move hiddenpower\n>p1 switch 6\n>p1 move soultoll\n>p2 move flashcannon\n>p2 switch 3\n>p1 move soultoll\n>p2 move blizzard\n>p1 move soultoll\n>p2 move blizzard\n>p2 switch 5\n>p1 move soultoll\n>p2 move airslash\n>p1 move soultoll\n>p2 move airslash\n>p2 switch 2\n>p1 move soultoll\n>p2 move soultoll\n>p1 switch 2\n>p2 move strengthsap\n>p1 move ivycudgel\n>p2 move willowisp",
	"uploadtime": 1789674314
}