{
	"id": "gen9rpou-12-tlj90j",
	"format": "[Gen 9] RP OU",
	"players": [
		"Bunny Stockfish",
		"TheRealWhimsicott"
	],
	"rating": null,
	"log": "|j|☆Bunny Stockfish\n|j|☆TheRealWhimsicott\n|t:|1789762355\n|gametype|singles\n|badge|p1|bronze|gen9rpou|3-3\n|badge|p2|silver|gen9rpou|2-2\n|player|p1|Bunny Stockfish|bunny.png|1332\n|player|p2|TheRealWhimsicott|266|1462\n|gen|9\n|tier|[Gen 9] RP OU\n|rated|\n|rule|HP Percentage Mod: HP is shown in percentages\n|rule|Endless Battle Clause: Forcing endless battles is banned\n|rule|Species Clause: Limit one of each Pokémon\n|rule|OHKO Clause: OHKO moves are banned\n|rule|Evasion Clause: Evasion abilities, items, and moves are banned\n|rule|Evasion Abilities Clause: Evasion abilities are banned\n|rule|Evasion Items Clause: Evasion items are banned\n|rule|Evasion Moves Clause: Evasion moves are banned\n|rule|Sleep Clause Mod: Limit one foe put to sleep\n|clearpoke\n|poke|p1|Glimmora|\n|poke|p1|Clodsire|\n|poke|p1|Walking Wake|\n|poke|p1|Cresselia|\n|poke|p1|Togekiss|\n|poke|p1|Spiritomb|\n|poke|p2|Kingambit|\n|poke|p2|Haxorus|\n|poke|p2|Pawmot|\n|poke|p2|Glaceon|\n|poke|p2|Tinkaton, F|\n|poke|p2|Corviknight|\n|teampreview\n|c|☆Bunny Stockfish|Good luck! Playing on **stockfish**.\n|\n|t:|1789762360\n|teamsize|p1|6\n|teamsize|p2|6\n|start\n|switch|p1a: Glimmora|Glimmora|100/100\n|switch|p2a: Tinkaton|Tinkaton, F|100/100\n|-ability|p2a: Tinkaton|Mold Breaker\n|-item|p2a: Tinkaton|Air Balloon\n|turn|1\n|\n|t:|1789762362\n|detailschange|p1a: Glimmora|Glimmora-Mega\n|-mega|p1a: Glimmora|Glimmora|Glimmoranite\n|move|p2a: Tinkaton|Stealth Rock|p1a: Glimmora\n|-sidestart|p1: Bunny Stockfish|move: Stealth Rock\n|move|p1a: Glimmora|Meteor Beam||[still]\n|-prepare|p1a: Glimmora|Meteor Beam\n|-boost|p1a: Glimmora|spa|1\n|\n|upkeep\n|turn|2\n|\n|t:|1789762374\n|move|p2a: Tinkaton|Gigaton Hammer|p1a: Glimmora\n|-supereffective|p1a: Glimmora\n|-damage|p1a: Glimmora|0 fnt\n|faint|p1a: Glimmora\n|detailschange|p1: Glimmora|Glimmora|[silent]\n|\n|upkeep\n|\n|t:|1789762374\n|switch|p1a: Walking Wake|Walking Wake|100/100\n|-damage|p1a: Walking Wake|88/100|[from] Stealth Rock\n|turn|3\n|\n|t:|1789762381\n|-start|p1a: Walking Wake|Dynamax|\n|-heal|p1a: Walking Wake|88/100|[silent]\n|move|p1a: Walking Wake|Max Flare|p2a: Tinkaton\n|-supereffective|p2a: Tinkaton\n|-damage|p2a: Tinkaton|3/100\n|-weather|SunnyDay\n|-activate|p1a: Walking Wake|ability: Protosynthesis\n|-start|p1a: Walking Wake|protosynthesisspa\n|-enditem|p2a: Tinkaton|Air Balloon\n|move|p2a: Tinkaton|Encore||[still]\n|-fail|p2a: Tinkaton\n|\n|-weather|SunnyDay|[upkeep]\n|upkeep\n|turn|4\n|\n|t:|1789762391\n|move|p1a: Walking Wake|Max Flare|p2a: Tinkaton\n|-supereffective|p2a: Tinkaton\n|-damage|p2a: Tinkaton|0 fnt\n|faint|p2a: Tinkaton\n|\n|-weather|SunnyDay|[upkeep]\n|upkeep\n|\n|t:|1789762393\n|switch|p2a: Glaceon|Glaceon|100/100\n|-weather|Snowscape|[from] ability: Diamond Dust|[of] p2a: Glaceon\n|-end|p1a: Walking Wake|Protosynthesis\n|turn|5\n|\n|t:|1789762397\n|move|p2a: Glaceon|Freeze-Dry|p1a: Walking Wake\n|-supereffective|p1a: Walking Wake\n|-damage|p1a: Walking Wake|0 fnt\n|faint|p1a: Walking Wake\n|-end|p1a: Walking Wake|Protosynthesis|[silent]\n|\n|-weather|Snowscape|[upkeep]\n|upkeep\n|\n|t:|1789762397\n|switch|p1a: Togekiss|Togekiss|100/100\n|turn|6\n|\n|t:|1789762400\n|move|p2a: Glaceon|Freeze-Dry|p1a: Togekiss\n|-supereffective|p1a: Togekiss\n|-damage|p1a: Togekiss|10/100\n|move|p1a: Togekiss|Nasty Plot|p1a: Togekiss\n|-boost|p1a: Togekiss|spa|2\n|\n|-weather|Snowscape|[upkeep]\n|upkeep\n|turn|7\n|\n|t:|1789762402\n|switch|p1a: Cresselia|Cresselia|100/100\n|-damage|p1a: Cresselia|88/100|[from] Stealth Rock\n|move|p2a: Glaceon|Freeze-Dry|p1a: Cresselia\n|-damage|p1a: Cresselia|53/100\n|\n|-weather|Snowscape|[upkeep]\n|-heal|p1a: Cresselia|59/100|[from] item: Leftovers\n|upkeep\n|turn|8\n|\n|t:|1789762404\n|move|p2a: Glaceon|Freeze-Dry|p1a: Cresselia\n|-damage|p1a: Cresselia|24/100\n|move|p1a: Cresselia|Calm Mind|p1a: Cresselia\n|-boost|p1a: Cresselia|spa|1\n|-boost|p1a: Cresselia|spd|1\n|\n|-weather|Snowscape|[upkeep]\n|-heal|p1a: Cresselia|30/100|[from] item: Leftovers\n|upkeep\n|turn|9\n|\n|t:|1789762406\n|switch|p1a: Spiritomb|Spiritomb|100/100\n|-damage|p1a: Spiritomb|88/100|[from] Stealth Rock\n|move|p2a: Glaceon|Freeze-Dry|p1a: Spiritomb\n|-damage|p1a: Spiritomb|52/100\n|\n|-weather|none\n|-heal|p1a: Spiritomb|58/100|[from] item: Leftovers\n|upkeep\n|turn|10\n|\n|t:|1789762408\n|move|p2a: Glaceon|Freeze-Dry|p1a: Spiritomb\n|-damage|p1a: Spiritomb|20/100\n|move|p1a: Spiritomb|Soul Toll|p2a: Glaceon\n|-damage|p2a: Glaceon|64/100\n|\n|-heal|p1a: Spiritomb|26/100|[from] item: Leftovers\n|upkeep\n|turn|11\n|\n|t:|1789762410\n|move|p2a: Glaceon|Freeze-Dry|p1a: Spiritomb\n|-crit|p1a: Spiritomb\n|-ability|p1a: Spiritomb|Keystone Legion\n|-message|The spirits of the keystone shield Spiritomb!\n|-start|p2a: Glaceon|Curse|[of] p1a: Spiritomb\n|-damage|p1a: Spiritomb|1/100\n|move|p1a: Spiritomb|Soul Toll|p2a: Glaceon\n|-damage|p2a: Glaceon|0 fnt\n|-heal|p1a: Spiritomb|24/100|[from] drain|[of] p2a: Glaceon\n|faint|p2a: Glaceon\n|-message|A soul joins the legion. Spiritomb's keystone mends!\n|\n|-heal|p1a: Spiritomb|30/100|[from] item: Leftovers\n|upkeep\n|\n|t:|1789762414\n|switch|p2a: Haxorus|Haxorus|100/100\n|-ability|p2a: Haxorus|Mold Breaker\n|turn|12\n|\n|t:|1789762415\n|switch|p1a: Togekiss|Togekiss|10/100\n|move|p2a: Haxorus|Hone Claws|p2a: Haxorus\n|-boost|p2a: Haxorus|atk|1\n|-boost|p2a: Haxorus|accuracy|1\n|\n|upkeep\n|turn|13\n|\n|t:|1789762417\n|-terastallize|p1a: Togekiss|Fairy\n|move|p2a: Haxorus|Iron Head|p1a: Togekiss\n|-supereffective|p1a: Togekiss\n|-damage|p1a: Togekiss|0 fnt\n|faint|p1a: Togekiss\n|\n|upkeep\n|\n|t:|1789762417\n|switch|p1a: Clodsire|Clodsire|100/100\n|turn|14\n|\n|t:|1789762422\n|move|p2a: Haxorus|Earthquake|p1a: Clodsire\n|-supereffective|p1a: Clodsire\n|-damage|p1a: Clodsire|0 fnt\n|faint|p1a: Clodsire\n|\n|upkeep\n|\n|t:|1789762422\n|switch|p1a: Cresselia|Cresselia|30/100\n|-damage|p1a: Cresselia|18/100|[from] Stealth Rock\n|turn|15\n|\n|t:|1789762426\n|move|p2a: Haxorus|Iron Head|p1a: Cresselia\n|-damage|p1a: Cresselia|0 fnt\n|faint|p1a: Cresselia\n|\n|upkeep\n|\n|t:|1789762426\n|switch|p1a: Spiritomb|Spiritomb|30/100\n|-damage|p1a: Spiritomb|18/100|[from] Stealth Rock\n|turn|16\n|\n|t:|1789762430\n|move|p2a: Haxorus|Scale Shot|p1a: Spiritomb\n|-damage|p1a: Spiritomb|1/100\n|-damage|p1a: Spiritomb|0 fnt\n|faint|p1a: Spiritomb\n|-hitcount|p1: Spiritomb|2\n|\n|win|TheRealWhimsicott\n",
	"inputlog": ">start {\"formatid\":\"gen9rpou\",\"seed\":\"sodium,a03430256e2819d5fb1eab707609119a\",\"rated\":\"Rated battle\"}\n>player p1 {\"name\":\"Bunny Stockfish\",\"avatar\":\"bunny.png\",\"team\":\"Glimmora||Glimmoranite|Corrosion|MeteorBeam,EarthPower,MortalSpin,StealthRock|Modest|,,,252,4,252|N||||,,,,,Ghost]Clodsire||HeavyDutyBoots|Unaware|Earthquake,Recover,Toxic,Spikes|Careful|248,,8,,252,|N||||,,,,,Dark]Walking Wake||ChoiceSpecs|Protosynthesis|HydroSteam,DracoMeteor,Flamethrower,DragonPulse|Timid|,,,252,4,252|N||||,,,,,Water]Cresselia||Leftovers|Levitate|Psyshock,CalmMind,Moonlight,Thunderbolt|Modest|252,,,252,4,|N||||,,,,,Electric]Togekiss||HeavyDutyBoots|SereneGrace|AirSlash,NastyPlot,AlluringVoice,AuraSphere|Modest|252,,,252,4,|N||||,,,,,Fairy]Spiritomb||Leftovers|KeystoneLegion|SoulToll,StrengthSap,WillOWisp,PartingShot|Calm|252,,4,,252,|N||||,,,,,Fairy\",\"rating\":1332}\n>player p2 {\"name\":\"TheRealWhimsicott\",\"avatar\":\"266\",\"team\":\"Kingambit||BlackGlasses|SupremeOverlord|KnockOff,IronHead,SuckerPunch,SwordsDance|Adamant|252,252,,,4,|N||||,,,,,Dark]Haxorus||LoadedDice|MoldBreaker|HoneClaws,ScaleShot,Earthquake,IronHead|Jolly|4,252,,,,252|N||||,,,,,Steel]Pawmot||ChoiceBand|IronFist|RevivalBlessing,SparkScamper,CloseCombat,DoubleShock|Jolly|4,252,,,,252|N||||,,,,,Electric]Glaceon||ChoiceSpecs|DiamondDust|EarthPower,FreezeDry,FocusBlast,Blizzard|Modest|,,,252,4,252|N|,0,,,,|||,,,,,Ice]Tinkaton||AirBalloon|MoldBreaker|GigatonHammer,CragHammer,StealthRock,Encore|Jolly|,252,,,4,252|F||||,,,,,Fairy]Corviknight||Leftovers|Pressure|Roost,Uturn,Protect,IronHead|Impish|252,,252,,4,|N||||,,,,,Water\",\"rating\":1462}\n>chat ☆Bunny Stockfish|Good luck! Playing on **stockfish**.\n>p1 team 1, 3, 5, 4, 6, 2\n>p2 team 5, 2, 3, 4, 1, 6\n>p1 move meteorbeam mega\n>p2 move stealthrock\n>p1 move meteorbeam\n>p2 move gigatonhammer\n>p1 switch 2\n>p1 move flamethrower dynamax\n>p2 move encore\n>p1 move flamethrower dynamax\n>p2 move craghammer\n>p2 switch 4\n>p1 move flamethrower dynamax\n>p2 move freezedry\n>p1 switch 3\n>p1 move nastyplot\n>p2 move freezedry\n>p1 switch 4\n>p2 move freezedry\n>p1 move calmmind\n>p2 move freezedry\n>p1 switch 5\n>p2 move freezedry\n>p1 move soultoll\n>p2 move freezedry\n>p1 move soultoll\n>p2 move freezedry\n>p2 switch 2\n>p1 switch 4\n>p2 move honeclaws\n>p1 move alluringvoice terastallize\n>p2 move ironhead\n>p1 switch 6\n>p1 move spikes\n>p2 move earthquake\n>p1 switch 5\n>p1 move psyshock\n>p2 move ironhead\n>p1 switch 4\n>p1 move soultoll\n>p2 move scaleshot",
	"uploadtime": 1789762430
}