{
	"id": "gen9rpou-9-tlvuiv",
	"format": "[Gen 9] RP OU",
	"players": [
		"Bunny Stockfish",
		"SlimeQueenSamantha"
	],
	"rating": null,
	"log": "|j|☆Bunny Stockfish\n|j|☆SlimeQueenSamantha\n|t:|1790278953\n|gametype|singles\n|badge|p1|bronze|gen9rpou|3-3\n|badge|p2|silver|gen9rpou|2-2\n|player|p1|Bunny Stockfish|bunny.png|1384\n|player|p2|SlimeQueenSamantha|queen.png|1412\n|gen|9\n|tier|[Gen 9] RP OU\n|rated|\n|rule|HP Percentage Mod: HP is shown in percentages\n|rule|Endless Battle Clause: Forcing endless battles is banned\n|rule|Species Clause: Limit one of each Pokémon\n|rule|OHKO Clause: OHKO moves are banned\n|rule|Evasion Clause: Evasion abilities, items, and moves are banned\n|rule|Evasion Abilities Clause: Evasion abilities are banned\n|rule|Evasion Items Clause: Evasion items are banned\n|rule|Evasion Moves Clause: Evasion moves are banned\n|rule|Sleep Clause Mod: Limit one foe put to sleep\n|clearpoke\n|poke|p1|Swampert|\n|poke|p1|Dragonite|\n|poke|p1|Roserade|\n|poke|p1|Banette|\n|poke|p1|Magearna-Original|\n|poke|p1|Regieleki|\n|poke|p2|Banette, F|\n|poke|p2|Ursaluna-Bloodmoon, M|\n|poke|p2|Magearna|\n|poke|p2|Hatterene, F|\n|poke|p2|Kingambit|\n|poke|p2|Stakataka|\n|teampreview\n|c|☆Bunny Stockfish|Good luck! Playing on **stockfish**.\n|\n|t:|1790278955\n|teamsize|p1|6\n|teamsize|p2|6\n|start\n|switch|p1a: Magearna|Magearna-Original|100/100\n|switch|p2a: Banette|Banette, F, shiny|100/100\n|-item|p1a: Magearna|Life Orb|[from] ability: Frisk|[of] p2a: Banette\n|turn|1\n|\n|t:|1790278960\n|detailschange|p2a: Banette|Banette-Mega-Halloween, F, shiny\n|-mega|p2a: Banette|Banette|Banettite-Halloween\n|-ability|p2a: Banette|Witching Hour\n|-message|The Witching Hour has struck! Banette's tricks can't be stopped, not even by Dark types!\n|-message|Banette's Poltergeist became Witch's Snatch!\n|-start|p1a: Magearna|Dynamax|\n|-heal|p1a: Magearna|100/100|[silent]\n|move|p2a: Banette|Twilight Exit|p2a: Banette\n|-fieldstart|move: Trick Room|[of] p2a: Banette\n|\n|t:|1790278966\n|switch|p2a: Stakataka|Stakataka|100/100|[from] Twilight Exit\n|move|p1a: Magearna|Max Starfall|p2a: Stakataka\n|-resisted|p2a: Stakataka\n|-damage|p2a: Stakataka|47/100\n|-fieldstart|move: Misty Terrain\n|-damage|p1a: Magearna|96/100|[from] item: Life Orb\n|\n|upkeep\n|turn|2\n|\n|t:|1790278971\n|move|p2a: Stakataka|Gyro Ball|p1a: Magearna\n|-damage|p1a: Magearna|34/100\n|-damage|p2a: Stakataka|37/100|[from] item: Life Orb\n|move|p1a: Magearna|Max Starfall|p2a: Stakataka\n|-resisted|p2a: Stakataka\n|-damage|p2a: Stakataka|0 fnt\n|faint|p2a: Stakataka\n|-ability|p1a: Magearna|Soul-Heart|boost\n|-boost|p1a: Magearna|spa|1\n|-damage|p1a: Magearna|29/100|[from] item: Life Orb\n|\n|upkeep\n|\n|t:|1790278975\n|switch|p2a: Magearna|Magearna|100/100\n|turn|3\n|\n|t:|1790278977\n|-start|p2a: Magearna|Dynamax|\n|-heal|p2a: Magearna|100/100|[silent]\n|move|p2a: Magearna|Max Steelspike|p1a: Magearna\n|-damage|p1a: Magearna|0 fnt\n|-boost|p2a: Magearna|def|1\n|faint|p1a: Magearna\n|-ability|p2a: Magearna|Soul-Heart|boost\n|-boost|p2a: Magearna|spa|1\n|\n|upkeep\n|\n|t:|1790278978\n|switch|p1a: Dragonite|Dragonite|100/100\n|turn|4\n|\n|t:|1790278985\n|-terastallize|p1a: Dragonite|Fire\n|move|p2a: Magearna|Max Starfall|p1a: Dragonite\n|-resisted|p1a: Dragonite\n|-damage|p1a: Dragonite|68/100\n|move|p1a: Dragonite|Fire Punch|p2a: Magearna\n|-supereffective|p2a: Magearna\n|-damage|p2a: Magearna|80/100\n|\n|-heal|p2a: Magearna|83/100|[from] item: Leftovers\n|upkeep\n|turn|5\n|\n|t:|1790278988\n|move|p2a: Magearna|Max Lightning|p1a: Dragonite\n|-damage|p1a: Dragonite|0 fnt\n|-fieldstart|move: Electric Terrain\n|faint|p1a: Dragonite\n|-ability|p2a: Magearna|Soul-Heart|boost\n|-boost|p2a: Magearna|spa|1\n|\n|-heal|p2a: Magearna|86/100|[from] item: Leftovers\n|-fieldend|move: Trick Room\n|upkeep\n|\n|t:|1790278989\n|switch|p1a: Swampert|Swampert|100/100\n|-end|p2a: Magearna|Dynamax\n|-heal|p2a: Magearna|86/100|[silent]\n|turn|6\n|\n|t:|1790278994\n|move|p1a: Swampert|Bulk Up|p1a: Swampert\n|-boost|p1a: Swampert|atk|1\n|-boost|p1a: Swampert|def|1\n|move|p2a: Magearna|Fleur Cannon|p1a: Swampert\n|-damage|p1a: Swampert|3/100\n|-unboost|p2a: Magearna|spa|2\n|\n|-heal|p2a: Magearna|92/100|[from] item: Leftovers\n|upkeep\n|turn|7\n|\n|t:|1790278997\n|switch|p1a: Roserade|Roserade|100/100\n|-ability|p1a: Roserade|Masquerade\n|-start|p2a: Magearna|move: Taunt\n|cant|p2a: Magearna|move: Taunt|Trick Room\n|\n|-heal|p2a: Magearna|98/100|[from] item: Leftovers\n|upkeep\n|turn|8\n|\n|t:|1790279000\n|move|p1a: Roserade|Spikes|p2a: Magearna\n|-sidestart|p2: SlimeQueenSamantha|Spikes\n|move|p2a: Magearna|Flash Cannon|p1a: Roserade\n|-damage|p1a: Roserade|53/100\n|\n|-heal|p2a: Magearna|100/100|[from] item: Leftovers\n|upkeep\n|turn|9\n|\n|t:|1790279006\n|move|p1a: Roserade|Spikes|p2a: Magearna\n|-sidestart|p2: SlimeQueenSamantha|Spikes\n|move|p2a: Magearna|Flash Cannon|p1a: Roserade\n|-damage|p1a: Roserade|0 fnt\n|faint|p1a: Roserade\n|-ability|p2a: Magearna|Soul-Heart|boost\n|-boost|p2a: Magearna|spa|1\n|\n|-end|p2a: Magearna|move: Taunt\n|-fieldend|move: Electric Terrain\n|upkeep\n|\n|t:|1790279007\n|switch|p1a: Banette|Banette|100/100\n|turn|10\n|\n|t:|1790279009\n|move|p1a: Banette|Poltergeist|p2a: Magearna\n|-activate|p2a: Magearna|move: Poltergeist|Leftovers\n|-damage|p2a: Magearna|58/100\n|-damage|p1a: Banette|91/100|[from] item: Life Orb\n|move|p2a: Magearna|Fleur Cannon|p1a: Banette\n|-damage|p1a: Banette|0 fnt\n|-unboost|p2a: Magearna|spa|2\n|-start|p2a: Magearna|Disable|Fleur Cannon|[from] ability: Cursed Body|[of] p1a: Banette\n|faint|p1a: Banette\n|-ability|p2a: Magearna|Soul-Heart|boost\n|-boost|p2a: Magearna|spa|1\n|\n|-heal|p2a: Magearna|65/100|[from] item: Leftovers\n|upkeep\n|\n|t:|1790279009\n|switch|p1a: Regieleki|Regieleki|100/100\n|turn|11\n|\n|t:|1790279029\n|move|p1a: Regieleki|Volt Switch|p2a: Magearna\n|-damage|p2a: Magearna|13/100\n|\n|t:|1790279029\n|switch|p1a: Swampert|Swampert|3/100|[from] Volt Switch\n|move|p2a: Magearna|Volt Switch|p1a: Swampert\n|-immune|p1a: Swampert\n|\n|-heal|p2a: Magearna|19/100|[from] item: Leftovers\n|upkeep\n|turn|12\n|\n|t:|1790279033\n|move|p1a: Swampert|Flip Turn|p2a: Magearna\n|-damage|p2a: Magearna|1/100\n|\n|t:|1790279033\n|switch|p1a: Regieleki|Regieleki|100/100|[from] Flip Turn\n|move|p2a: Magearna|Flash Cannon|p1a: Regieleki\n|-resisted|p1a: Regieleki\n|-damage|p1a: Regieleki|52/100\n|\n|-heal|p2a: Magearna|7/100|[from] item: Leftovers\n|upkeep\n|turn|13\n|\n|t:|1790279035\n|move|p1a: Regieleki|Volt Switch|p2a: Magearna\n|-damage|p2a: Magearna|0 fnt\n|faint|p2a: Magearna\n|\n|t:|1790279035\n|switch|p1a: Swampert|Swampert|3/100|[from] Volt Switch\n|\n|upkeep\n|\n|t:|1790279038\n|switch|p2a: Banette|Banette-Mega-Halloween, F, shiny|100/100\n|-damage|p2a: Banette|84/100|[from] Spikes\n|-ability|p2a: Banette|Witching Hour\n|-message|The Witching Hour has struck! Banette's tricks can't be stopped, not even by Dark types!\n|turn|14\n|\n|t:|1790279040\n|move|p2a: Banette|Shadow Sneak|p1a: Swampert\n|-damage|p1a: Swampert|0 fnt\n|faint|p1a: Swampert\n|\n|upkeep\n|\n|t:|1790279040\n|switch|p1a: Regieleki|Regieleki|52/100\n|turn|15\n|\n|t:|1790279042\n|move|p2a: Banette|Shadow Sneak|p1a: Regieleki\n|-damage|p1a: Regieleki|0 fnt\n|faint|p1a: Regieleki\n|\n|win|SlimeQueenSamantha\n",
	"inputlog": ">start {\"formatid\":\"gen9rpou\",\"seed\":\"sodium,144cab3c9c691f53d97be954d35a8f15\",\"rated\":\"Rated battle\"}\n>player p1 {\"name\":\"Bunny Stockfish\",\"avatar\":\"bunny.png\",\"team\":\"Swampert||FocusSash|Torrent|StealthRock,FlipTurn,BulkUp,WaveCharge|Careful|248,8,,,252,|N||||,,,,,Ghost]Dragonite||LoadedDice|Multiscale|DragonDance,ScaleShot,FirePunch,Encore|Jolly|,252,4,,,252|N||||,,,,,Fire]Roserade||FocusSash|Masquerade|ThornedBouquet,SludgeBomb,SolarNectar,Spikes|Timid|,,,252,4,252|N|,0,,,,|||,,,,,Grass]Banette||LifeOrb|CursedBody|Poltergeist,GunkShot,SwordsDance,CarrionFeast|Adamant|,252,,,4,252|N||||,,,,,Ghost]Magearna|MagearnaOriginal|LifeOrb|SoulHeart|FleurCannon,IronHead,Psychic,IceBeam|Modest|,,,252,4,252|N||||,,,,,Ground]Regieleki||ChoiceSpecs|Transistor|Swift,RapidSpin,VoltSwitch,HiddenPower|Timid|,,,252,4,252|N||||,Dark,,,,Electric\",\"rating\":1384}\n>player p2 {\"name\":\"SlimeQueenSamantha\",\"avatar\":\"queen.png\",\"team\":\"Banette||BanettiteHalloween|Frisk|Poltergeist,ShadowSneak,DestinyBond,twilightexit|Adamant|4,252,,,,252|F||S||,,,,,Ghost]Ursaluna|UrsalunaBloodmoon|Leftovers|MindsEye|CalmMind,BloodMoon,HyperVoice,EarthPower|Modest|252,,4,252,,|M||||,,,,,Normal]Magearna||Leftovers|SoulHeart|TrickRoom,VoltSwitch,FleurCannon,FlashCannon|Quiet|252,,,252,4,|N|,0,,,,|||,,,,,Steel]Hatterene||FocusSash|MagicBounce|TrickRoom,PsychicNoise,DazzlingGleam,HealingWish|Quiet|252,,4,252,,|F|,0,,,,0|||,,,,,Water]Kingambit||Leftovers|SupremeOverlord|KnockOff,SuckerPunch,IronHead,SwordsDance|Adamant|252,252,,,4,|N||||,,,,,Dark]Stakataka||LifeOrb|BeastBoost|TrickRoom,GyroBall,StoneEdge,Earthquake|Lonely|252,252,,,4,|N|,,15,,,0|||,,,,,Rock\",\"rating\":1412}\n>chat ☆Bunny Stockfish|Good luck! Playing on **stockfish**.\n>p1 team 5, 6, 3, 2, 4, 1\n>p2 team 1, 2, 3, 4, 5, 6\n>p1 move fleurcannon dynamax\n>p2 move twilightexit mega\n>p2 switch 6\n>p1 move fleurcannon dynamax\n>p2 move gyroball\n>p2 switch 3\n>p1 move fleurcannon dynamax\n>p2 move flashcannon dynamax\n>p1 switch 4\n>p1 move firepunch terastallize\n>p2 move fleurcannon dynamax\n>p1 move firepunch\n>p2 move voltswitch dynamax\n>p1 switch 6\n>p1 move bulkup\n>p2 move fleurcannon\n>p1 switch 3\n>p2 move trickroom\n>p1 move spikes\n>p2 move flashcannon\n>p1 move spikes\n>p2 move flashcannon\n>p1 switch 5\n>p1 move poltergeist\n>p2 move fleurcannon\n>p1 switch 2\n>p1 move voltswitch\n>p2 move voltswitch\n>p1 switch 3\n>p1 move flipturn\n>p2 move flashcannon\n>p1 switch 3\n>p1 move voltswitch\n>p2 move flashcannon\n>p1 switch 3\n>p2 switch 6\n>p1 move flipturn\n>p2 move shadowsneak\n>p1 switch 3\n>p1 move voltswitch\n>p2 move shadowsneak",
	"uploadtime": 1790279042
}