{
	"id": "gen9rpou-7-tm8rrz",
	"format": "[Gen 9] RP OU",
	"players": [
		"Bunny Stockfish",
		"SlimeQueenSamantha"
	],
	"rating": null,
	"log": "|j|☆Bunny Stockfish\n|j|☆SlimeQueenSamantha\n|t:|1790881533\n|gametype|singles\n|badge|p1|bronze|gen9rpou|3-3\n|badge|p2|gold|gen9rpou|1-1\n|player|p1|Bunny Stockfish|bunny.png|1368\n|player|p2|SlimeQueenSamantha|queen.png|1500\n|gen|9\n|tier|[Gen 9] RP OU\n|rated|\n|rule|HP Percentage Mod: HP is shown in percentages\n|rule|Endless Battle Clause: Forcing endless battles is banned\n|rule|Species Clause: Limit one of each Pokémon\n|rule|OHKO Clause: OHKO moves are banned\n|rule|Evasion Clause: Evasion abilities, items, and moves are banned\n|rule|Evasion Abilities Clause: Evasion abilities are banned\n|rule|Evasion Items Clause: Evasion items are banned\n|rule|Evasion Moves Clause: Evasion moves are banned\n|rule|Sleep Clause Mod: Limit one foe put to sleep\n|clearpoke\n|poke|p1|Zeraora|\n|poke|p1|Tinkaton|\n|poke|p1|Garchomp|\n|poke|p1|Gyarados|\n|poke|p1|Alakazam|\n|poke|p1|Darkrai|\n|poke|p2|Lugia|\n|poke|p2|Blissey|\n|poke|p2|Registeel|\n|poke|p2|Umbreon|\n|poke|p2|Spiritomb|\n|poke|p2|Clodsire|\n|teampreview\n|c|☆Bunny Stockfish|Good luck! Playing on **stockfish**.\n|\n|t:|1790881592\n|teamsize|p1|6\n|teamsize|p2|6\n|start\n|switch|p1a: Tinkaton|Tinkaton|100/100\n|switch|p2a: Umbreon|Umbreon|100/100\n|-ability|p1a: Tinkaton|Mold Breaker\n|-item|p1a: Tinkaton|Air Balloon\n|turn|1\n|\n|t:|1790881596\n|move|p1a: Tinkaton|Stealth Rock|p2a: Umbreon\n|-sidestart|p2: SlimeQueenSamantha|move: Stealth Rock\n|move|p2a: Umbreon|Knock Off|p1a: Tinkaton\n|-resisted|p1a: Tinkaton\n|-damage|p1a: Tinkaton|86/100\n|-enditem|p1a: Tinkaton|Air Balloon\n|\n|upkeep\n|turn|2\n|\n|t:|1790881601\n|switch|p2a: Registeel|Registeel|100/100\n|-damage|p2a: Registeel|94/100|[from] Stealth Rock\n|move|p1a: Tinkaton|Gigaton Hammer|p2a: Registeel\n|-resisted|p2a: Registeel\n|-damage|p2a: Registeel|81/100\n|\n|-heal|p2a: Registeel|87/100|[from] item: Leftovers\n|upkeep\n|turn|3\n|\n|t:|1790881609\n|switch|p1a: Garchomp|Garchomp|100/100\n|move|p2a: Registeel|Iron Defense|p2a: Registeel\n|-boost|p2a: Registeel|def|2\n|\n|-heal|p2a: Registeel|93/100|[from] item: Leftovers\n|upkeep\n|turn|4\n|\n|t:|1790881611\n|move|p1a: Garchomp|Swords Dance|p1a: Garchomp\n|-boost|p1a: Garchomp|atk|2\n|move|p2a: Registeel|Iron Defense|p2a: Registeel\n|-boost|p2a: Registeel|def|2\n|\n|-heal|p2a: Registeel|99/100|[from] item: Leftovers\n|upkeep\n|turn|5\n|\n|t:|1790881613\n|move|p1a: Garchomp|Earthquake|p2a: Registeel\n|-supereffective|p2a: Registeel\n|-damage|p2a: Registeel|76/100\n|move|p2a: Registeel|Iron Defense|p2a: Registeel\n|-boost|p2a: Registeel|def|2\n|\n|-heal|p2a: Registeel|82/100|[from] item: Leftovers\n|upkeep\n|turn|6\n|\n|t:|1790881617\n|-start|p1a: Garchomp|Dynamax|\n|-heal|p1a: Garchomp|100/100|[silent]\n|move|p1a: Garchomp|Max Quake|p2a: Registeel\n|-supereffective|p2a: Registeel\n|-damage|p2a: Registeel|60/100\n|-boost|p1a: Garchomp|spd|1\n|move|p2a: Registeel|Amnesia|p2a: Registeel\n|-boost|p2a: Registeel|spd|2\n|\n|-heal|p2a: Registeel|66/100|[from] item: Leftovers\n|upkeep\n|turn|7\n|\n|t:|1790881621\n|move|p1a: Garchomp|Max Quake|p2a: Registeel\n|-supereffective|p2a: Registeel\n|-damage|p2a: Registeel|45/100\n|-boost|p1a: Garchomp|spd|1\n|move|p2a: Registeel|Slack Off|p2a: Registeel\n|-heal|p2a: Registeel|95/100\n|\n|-heal|p2a: Registeel|100/100|[from] item: Leftovers\n|upkeep\n|turn|8\n|\n|t:|1790881627\n|move|p1a: Garchomp|Max Quake|p2a: Registeel\n|-supereffective|p2a: Registeel\n|-damage|p2a: Registeel|77/100\n|-boost|p1a: Garchomp|spd|1\n|move|p2a: Registeel|Amnesia|p2a: Registeel\n|-boost|p2a: Registeel|spd|2\n|\n|-heal|p2a: Registeel|83/100|[from] item: Leftovers\n|upkeep\n|-end|p1a: Garchomp|Dynamax\n|-heal|p1a: Garchomp|100/100|[silent]\n|turn|9\n|\n|t:|1790881629\n|move|p1a: Garchomp|Swords Dance|p1a: Garchomp\n|-boost|p1a: Garchomp|atk|2\n|move|p2a: Registeel|Amnesia|p2a: Registeel\n|-boost|p2a: Registeel|spd|2\n|\n|-heal|p2a: Registeel|89/100|[from] item: Leftovers\n|upkeep\n|turn|10\n|\n|t:|1790881631\n|move|p1a: Garchomp|Earthquake|p2a: Registeel\n|-supereffective|p2a: Registeel\n|-damage|p2a: Registeel|72/100\n|move|p2a: Registeel|Velvet Press|p1a: Garchomp\n|-supereffective|p1a: Garchomp\n|-damage|p1a: Garchomp|0 fnt\n|faint|p1a: Garchomp\n|\n|-heal|p2a: Registeel|78/100|[from] item: Leftovers\n|upkeep\n|\n|t:|1790881632\n|switch|p1a: Tinkaton|Tinkaton|86/100\n|-ability|p1a: Tinkaton|Mold Breaker\n|turn|11\n|\n|t:|1790881639\n|move|p1a: Tinkaton|Encore|p2a: Registeel\n|-start|p2a: Registeel|Encore\n|move|p2a: Registeel|Velvet Press|p1a: Tinkaton\n|-resisted|p1a: Tinkaton\n|-damage|p1a: Tinkaton|25/100\n|\n|-heal|p2a: Registeel|84/100|[from] item: Leftovers\n|upkeep\n|turn|12\n|\n|t:|1790881643\n|move|p1a: Tinkaton|Gigaton Hammer|p2a: Registeel\n|-resisted|p2a: Registeel\n|-damage|p2a: Registeel|81/100\n|move|p2a: Registeel|Velvet Press|p1a: Tinkaton\n|-resisted|p1a: Tinkaton\n|-damage|p1a: Tinkaton|0 fnt\n|faint|p1a: Tinkaton\n|\n|-heal|p2a: Registeel|87/100|[from] item: Leftovers\n|upkeep\n|\n|t:|1790881643\n|switch|p1a: Gyarados|Gyarados|100/100\n|-ability|p1a: Gyarados|Intimidate|boost\n|-unboost|p2a: Registeel|atk|1\n|turn|13\n|\n|t:|1790881651\n|move|p1a: Gyarados|Earthquake|p2a: Registeel\n|-supereffective|p2a: Registeel\n|-damage|p2a: Registeel|74/100\n|move|p2a: Registeel|Velvet Press|p1a: Gyarados\n|-damage|p1a: Gyarados|0 fnt\n|faint|p1a: Gyarados\n|\n|-heal|p2a: Registeel|80/100|[from] item: Leftovers\n|-end|p2a: Registeel|Encore\n|upkeep\n|\n|t:|1790881651\n|switch|p1a: Zeraora|Zeraora|100/100\n|turn|14\n|\n|t:|1790881657\n|move|p1a: Zeraora|Bulk Up|p1a: Zeraora\n|-boost|p1a: Zeraora|atk|1\n|-boost|p1a: Zeraora|def|1\n|move|p2a: Registeel|Velvet Press|p1a: Zeraora\n|-damage|p1a: Zeraora|0 fnt\n|faint|p1a: Zeraora\n|\n|-heal|p2a: Registeel|86/100|[from] item: Leftovers\n|upkeep\n|\n|t:|1790881658\n|switch|p1a: Alakazam|Alakazam|100/100\n|turn|15\n|\n|t:|1790881659\n|move|p1a: Alakazam|Focus Blast|p2a: Registeel\n|-supereffective|p2a: Registeel\n|-damage|p2a: Registeel|71/100\n|move|p2a: Registeel|Velvet Press|p1a: Alakazam\n|-damage|p1a: Alakazam|0 fnt\n|faint|p1a: Alakazam\n|\n|-heal|p2a: Registeel|77/100|[from] item: Leftovers\n|upkeep\n|\n|t:|1790881659\n|switch|p1a: Darkrai|Darkrai|100/100\n|turn|16\n|\n|t:|1790881662\n|-terastallize|p1a: Darkrai|Poison\n|move|p1a: Darkrai|Dark Pulse|p2a: Registeel\n|-damage|p2a: Registeel|71/100\n|move|p2a: Registeel|Velvet Press|p1a: Darkrai\n|-resisted|p1a: Darkrai\n|-damage|p1a: Darkrai|12/100\n|\n|-heal|p2a: Registeel|77/100|[from] item: Leftovers\n|upkeep\n|turn|17\n|\n|t:|1790881668\n|move|p1a: Darkrai|Dark Pulse|p2a: Registeel\n|-damage|p2a: Registeel|72/100\n|cant|p2a: Registeel|flinch\n|\n|-heal|p2a: Registeel|78/100|[from] item: Leftovers\n|upkeep\n|turn|18\n|\n|t:|1790881671\n|move|p1a: Darkrai|Dark Pulse|p2a: Registeel\n|-damage|p2a: Registeel|72/100\n|move|p2a: Registeel|Velvet Press|p1a: Darkrai\n|-resisted|p1a: Darkrai\n|-damage|p1a: Darkrai|0 fnt\n|faint|p1a: Darkrai\n|\n|win|SlimeQueenSamantha\n",
	"inputlog": ">start {\"formatid\":\"gen9rpou\",\"seed\":\"sodium,fc008f5352d753f868d8e9e3db6db2f1\",\"rated\":\"Rated battle\"}\n>player p1 {\"name\":\"Bunny Stockfish\",\"avatar\":\"bunny.png\",\"team\":\"Zeraora||LifeOrb|VoltAbsorb|PlasmaFists,BulkUp,CloseCombat,VoltaicLance|Jolly|,252,,,4,252|N||||,,,,,Electric]Tinkaton||AirBalloon|MoldBreaker|StealthRock,GigatonHammer,Encore,KnockOff|Jolly|252,,,,24,232|N||||,,,,,Ghost]Garchomp||LoadedDice|RoughSkin|SwordsDance,ScaleShot,Earthquake,FireFang|Jolly|,252,,,4,252|N||||,,,,,Fire]Gyarados||Leftovers|Intimidate|Waterfall,StoneEdge,Earthquake,WaveCharge|Adamant|,252,,,4,252|N||||,,,,,Dragon]Alakazam||LifeOrb|MagicGuard|Psychic,HypnoWhirl,ShadowBall,FocusBlast|Timid|,,,252,4,252|N|,0,,,,|||,,,,,Psychic]Darkrai||HeavyDutyBoots|BadDreams|DarkPulse,KnockOff,IceBeam,WillOWisp|Timid|,,,252,4,252|N||||,,,,,Poison\",\"rating\":1368}\n>player p2 {\"name\":\"SlimeQueenSamantha\",\"avatar\":\"queen.png\",\"team\":\"Lugia||HeavyDutyBoots|Multiscale|CalmMind,AirSlash,EarthPower,Recover|Timid|248,,8,,,252|N|,0,,,,|||,,,,,Ground]Blissey||HeavyDutyBoots|Caretaker|SoftBoiled,StealthRock,Toxic,SeismicToss|Bold|252,,252,,4,|N|,0,,,,|S||,,,,,Water]Registeel||Leftovers|Unaware|SlackOff,IronDefense,Amnesia,velvetpress|Calm|252,,,4,252,|N|,0,,,,|||,,,,,Fairy]Umbreon||Leftovers|MoonlitVenom|Recover,Toxic,KnockOff,Teleport|Careful|252,4,,,252,|N||||,,,,,Poison]Spiritomb||Leftovers|KeystoneLegion|soultoll,StrengthSap,PartingShot,WillOWisp|Careful|252,4,,,252,|N||S||,,,,,Dragon]Clodsire||HeavyDutyBoots|WaterAbsorb|ToxicSpikes,Punishment,Earthquake,Recover|Careful|248,8,244,,8,|N||||,,,,,Fire\",\"rating\":1500}\n>chat ☆Bunny Stockfish|Good luck! Playing on **stockfish**.\n>p1 team 2, 1, 6, 5, 3, 4\n>p2 team 4, 2, 3, 1, 5, 6\n>p1 move stealthrock\n>p2 move knockoff\n>p1 move gigatonhammer\n>p2 switch 3\n>p1 switch 5\n>p2 move irondefense\n>p1 move swordsdance\n>p2 move irondefense\n>p1 move earthquake\n>p2 move irondefense\n>p1 move earthquake dynamax\n>p2 move amnesia\n>p1 move earthquake dynamax\n>p2 move slackoff\n>p1 move earthquake dynamax\n>p2 move amnesia\n>p1 move swordsdance\n>p2 move amnesia\n>p1 move earthquake\n>p2 move velvetpress\n>p1 switch 5\n>p1 move encore\n>p2 move velvetpress\n>p1 move gigatonhammer\n>p2 move velvetpress\n>p1 switch 6\n>p1 move earthquake\n>p2 move velvetpress\n>p1 switch 2\n>p1 move bulkup\n>p2 move velvetpress\n>p1 switch 4\n>p1 move focusblast\n>p2 move velvetpress\n>p1 switch 3\n>p1 move darkpulse terastallize\n>p2 move velvetpress\n>p1 move darkpulse\n>p2 move velvetpress\n>p1 move darkpulse\n>p2 move velvetpress",
	"uploadtime": 1790881671
}