{
	"id": "gen9rprandombattle-1-tm9wxv",
	"format": "[Gen 9] RP Random Battle",
	"players": [
		"Bunny Stockfish",
		"SlimeQueenSamantha"
	],
	"rating": null,
	"log": "|j|☆Bunny Stockfish\n|j|☆SlimeQueenSamantha\n|t:|1790933531\n|gametype|singles\n|badge|p1|gold|gen9rprandombattle|1-1\n|player|p1|Bunny Stockfish|bunny.png|1344\n|player|p2|SlimeQueenSamantha|queen.png|1237\n|gen|9\n|tier|[Gen 9] RP Random Battle\n|rated|\n|rule|Species Clause: Limit one of each Pokémon\n|rule|HP Percentage Mod: HP is shown in percentages\n|rule|Sleep Clause Mod: Limit one foe put to sleep\n|rule|Illusion Level Mod: Illusion disguises the Pokémon's true level\n|clearpoke\n|poke|p1|Iron Treads, L77|\n|poke|p1|Darkrai, L77|\n|poke|p1|Piloswine, L85, F|\n|poke|p1|Illumise, L91, F|\n|poke|p1|Mienshao, L83, M|\n|poke|p1|Arceus-Water, L71|\n|poke|p2|Oricorio-Pom-Pom, L82, M|\n|poke|p2|Girafarig, L89, M|\n|poke|p2|Farigiraf, L90, M|\n|poke|p2|Magcargo, L95, M|\n|poke|p2|Skarmory, L80, M|\n|poke|p2|Slither Wing, L81|\n|teampreview\n|c|☆Bunny Stockfish|Good luck! Playing on **stockfish**.\n|\n|t:|1790933550\n|teamsize|p1|6\n|teamsize|p2|6\n|start\n|switch|p1a: Piloswine|Piloswine, L85, F|309/309\n|switch|p2a: Slither Wing|Slither Wing, L81|270/270\n|-enditem|p2a: Slither Wing|Booster Energy\n|-activate|p2a: Slither Wing|ability: Protosynthesis|[fromitem]\n|-start|p2a: Slither Wing|protosynthesisatk\n|turn|1\n|\n|t:|1790933556\n|switch|p1a: Illumise|Illumise, L91, F|266/266\n|move|p2a: Slither Wing|Bulk Up|p2a: Slither Wing\n|-boost|p2a: Slither Wing|atk|1\n|-boost|p2a: Slither Wing|def|1\n|\n|upkeep\n|turn|2\n|\n|t:|1790933559\n|switch|p1a: Piloswine|Piloswine, L85, F|309/309\n|move|p2a: Slither Wing|Wild Charge|p1a: Piloswine\n|-immune|p1a: Piloswine\n|\n|upkeep\n|turn|3\n|\n|t:|1790933564\n|move|p2a: Slither Wing|Close Combat|p1a: Piloswine\n|-supereffective|p1a: Piloswine\n|-damage|p1a: Piloswine|0 fnt\n|-unboost|p2a: Slither Wing|def|1\n|-unboost|p2a: Slither Wing|spd|1\n|faint|p1a: Piloswine\n|\n|upkeep\n|\n|t:|1790933565\n|switch|p1a: Arceus|Arceus-Water, L71|288/288\n|turn|4\n|\n|t:|1790933569\n|move|p1a: Arceus|Judgment|p2a: Slither Wing\n|-damage|p2a: Slither Wing|123/270\n|move|p2a: Slither Wing|Leech Life|p1a: Arceus\n|-damage|p1a: Arceus|114/288\n|-heal|p2a: Slither Wing|210/270|[from] drain|[of] p1a: Arceus\n|\n|upkeep\n|turn|5\n|\n|t:|1790933576\n|switch|p1a: Illumise|Illumise, L91, F|266/266\n|move|p2a: Slither Wing|Leech Life|p1a: Illumise\n|-damage|p1a: Illumise|70/266\n|-heal|p2a: Slither Wing|270/270|[from] drain|[of] p1a: Illumise\n|\n|upkeep\n|turn|6\n|\n|t:|1790933581\n|move|p1a: Illumise|Bug Buzz|p2a: Slither Wing\n|-resisted|p2a: Slither Wing\n|-damage|p2a: Slither Wing|211/270\n|move|p2a: Slither Wing|Leech Life|p1a: Illumise\n|-damage|p1a: Illumise|0 fnt\n|-heal|p2a: Slither Wing|246/270|[from] drain|[of] p1a: Illumise\n|faint|p1a: Illumise\n|\n|upkeep\n|\n|t:|1790933581\n|switch|p1a: Mienshao|Mienshao, L83, M|244/244\n|turn|7\n|\n|t:|1790933586\n|-terastallize|p1a: Mienshao|Poison\n|move|p1a: Mienshao|Close Combat|p2a: Slither Wing\n|-resisted|p2a: Slither Wing\n|-damage|p2a: Slither Wing|138/270\n|-unboost|p1a: Mienshao|def|1\n|-unboost|p1a: Mienshao|spd|1\n|-damage|p1a: Mienshao|220/244|[from] item: Life Orb\n|move|p2a: Slither Wing|Close Combat|p1a: Mienshao\n|-resisted|p1a: Mienshao\n|-damage|p1a: Mienshao|0 fnt\n|-unboost|p2a: Slither Wing|def|1\n|-unboost|p2a: Slither Wing|spd|1\n|faint|p1a: Mienshao\n|\n|upkeep\n|\n|t:|1790933586\n|switch|p1a: Arceus|Arceus-Water, L71|114/288\n|turn|8\n|\n|t:|1790933596\n|move|p1a: Arceus|Judgment|p2a: Slither Wing\n|-damage|p2a: Slither Wing|0 fnt\n|faint|p2a: Slither Wing\n|-end|p2a: Slither Wing|Protosynthesis|[silent]\n|\n|upkeep\n|\n|t:|1790933601\n|switch|p2a: Oricorio|Oricorio-Pom-Pom, L82, M|257/257\n|turn|9\n|\n|t:|1790933605\n|switch|p1a: Darkrai|Darkrai, L77|234/234\n|move|p2a: Oricorio|Quiver Dance|p2a: Oricorio\n|-boost|p2a: Oricorio|spa|1\n|-boost|p2a: Oricorio|spd|1\n|-boost|p2a: Oricorio|spe|1\n|\n|upkeep\n|turn|10\n|\n|t:|1790933611\n|move|p2a: Oricorio|Hurricane|p1a: Darkrai\n|-crit|p1a: Darkrai\n|-damage|p1a: Darkrai|0 fnt\n|faint|p1a: Darkrai\n|\n|upkeep\n|\n|t:|1790933611\n|switch|p1a: Iron Treads|Iron Treads, L77|265/265\n|turn|11\n|\n|t:|1790933617\n|-terastallize|p2a: Oricorio|Ground\n|move|p2a: Oricorio|Quiver Dance|p2a: Oricorio\n|-boost|p2a: Oricorio|spa|1\n|-boost|p2a: Oricorio|spd|1\n|-boost|p2a: Oricorio|spe|1\n|move|p1a: Iron Treads|Stealth Rock|p2a: Oricorio\n|-sidestart|p2: SlimeQueenSamantha|move: Stealth Rock\n|\n|upkeep\n|turn|12\n|\n|t:|1790933619\n|move|p2a: Oricorio|Revelation Dance|p1a: Iron Treads\n|-supereffective|p1a: Iron Treads\n|-damage|p1a: Iron Treads|0 fnt\n|faint|p1a: Iron Treads\n|-end|p1a: Iron Treads|Quark Drive|[silent]\n|\n|upkeep\n|\n|t:|1790933619\n|switch|p1a: Arceus|Arceus-Water, L71|114/288\n|turn|13\n|\n|t:|1790933623\n|move|p2a: Oricorio|Revelation Dance|p1a: Arceus\n|-damage|p1a: Arceus|0 fnt\n|faint|p1a: Arceus\n|\n|win|SlimeQueenSamantha\n",
	"inputlog": ">start {\"formatid\":\"gen9rprandombattle\",\"seed\":\"sodium,253be8d8db71294dcc8f7bee2416dfae\",\"rated\":\"Rated battle\"}\n>player p1 {\"name\":\"Bunny Stockfish\",\"avatar\":\"bunny.png\",\"rating\":1344,\"seed\":\"sodium,d1cef1b30afcd4f96c489435a7f0f42c\"}\n>player p2 {\"name\":\"SlimeQueenSamantha\",\"avatar\":\"queen.png\",\"rating\":1237,\"seed\":\"sodium,9c84fa61f0db1a89bfce507ccce98bd8\"}\n>chat ☆Bunny Stockfish|Good luck! Playing on **stockfish**.\n>p1 team 3, 2, 5, 6, 1, 4\n>p2 team 6, 2, 3, 4, 5, 1\n>p1 switch 6\n>p2 move bulkup\n>p1 switch 6\n>p2 move wildcharge\n>p1 move roar\n>p2 move closecombat\n>p1 switch 4\n>p1 move judgment\n>p2 move leechlife\n>p1 switch 6\n>p2 move leechlife\n>p1 move bugbuzz\n>p2 move leechlife\n>p1 switch 3\n>p1 move closecombat terastallize\n>p2 move closecombat\n>p1 switch 6\n>p1 move judgment\n>p2 move leechlife\n>p2 switch 6\n>p1 switch 2\n>p2 move quiverdance\n>p1 move nastyplot\n>p2 move hurricane\n>p1 switch 5\n>p1 move stealthrock\n>p2 move quiverdance terastallize\n>p1 move earthquake\n>p2 move revelationdance\n>p1 switch 2\n>p1 move judgment\n>p2 move revelationdance",
	"uploadtime": 1790933623
}