{
	"id": "gen9rpou-7-tlij40",
	"format": "[Gen 9] RP OU",
	"players": [
		"Bunny Stockfish",
		"SlimeQueenSamantha"
	],
	"rating": null,
	"log": "|j|☆Bunny Stockfish\n|j|☆SlimeQueenSamantha\n|t:|1789665981\n|gametype|singles\n|player|p1|Bunny Stockfish|bunny.png|1332\n|player|p2|SlimeQueenSamantha|queen.png|1396\n|gen|9\n|tier|[Gen 9] RP OU\n|rated|\n|rule|HP Percentage Mod: HP is shown in percentages\n|rule|Endless Battle Clause: Forcing endless battles is banned\n|rule|Species Clause: Limit one of each Pokémon\n|rule|OHKO Clause: OHKO moves are banned\n|rule|Evasion Clause: Evasion abilities, items, and moves are banned\n|rule|Evasion Abilities Clause: Evasion abilities are banned\n|rule|Evasion Items Clause: Evasion items are banned\n|rule|Evasion Moves Clause: Evasion moves are banned\n|rule|Sleep Clause Mod: Limit one foe put to sleep\n|clearpoke\n|poke|p1|Rillaboom|\n|poke|p1|Raging Bolt|\n|poke|p1|Iron Valiant|\n|poke|p1|Gholdengo|\n|poke|p1|Moltres|\n|poke|p1|Alomomola|\n|poke|p2|Spiritomb|\n|poke|p2|Glaceon|\n|poke|p2|Garchomp|\n|poke|p2|Roserade|\n|poke|p2|Togekiss|\n|poke|p2|Lucario|\n|teampreview\n|c|☆Bunny Stockfish|Good luck! Playing on **stockfish**.\n|\n|t:|1789665996\n|teamsize|p1|6\n|teamsize|p2|6\n|start\n|switch|p1a: Gholdengo|Gholdengo|100/100\n|switch|p2a: Glaceon|Glaceon|100/100\n|-weather|Snowscape|[from] ability: Diamond Dust|[of] p2a: Glaceon\n|turn|1\n|\n|t:|1789666004\n|switch|p2a: Spiritomb|Spiritomb|100/100\n|-start|p1a: Gholdengo|Dynamax|\n|-heal|p1a: Gholdengo|100/100|[silent]\n|move|p1a: Gholdengo|Max Steelspike|p2a: Spiritomb\n|-damage|p2a: Spiritomb|52/100\n|-boost|p1a: Gholdengo|def|1\n|\n|-weather|Snowscape|[upkeep]\n|-heal|p2a: Spiritomb|58/100|[from] item: Leftovers\n|upkeep\n|turn|2\n|\n|t:|1789666012\n|-start|p2a: Spiritomb|Dynamax|\n|-heal|p2a: Spiritomb|58/100|[silent]\n|move|p1a: Gholdengo|Max Steelspike|p2a: Spiritomb\n|-damage|p2a: Spiritomb|33/100\n|-boost|p1a: Gholdengo|def|1\n|move|p2a: Spiritomb|Max Phantasm|p1a: Gholdengo\n|-supereffective|p1a: Gholdengo\n|-damage|p1a: Gholdengo|80/100\n|-unboost|p1a: Gholdengo|def|1\n|\n|-weather|Snowscape|[upkeep]\n|-heal|p2a: Spiritomb|36/100|[from] item: Leftovers\n|upkeep\n|turn|3\n|\n|t:|1789666025\n|move|p1a: Gholdengo|Max Steelspike|p2a: Spiritomb\n|-damage|p2a: Spiritomb|12/100\n|-boost|p1a: Gholdengo|def|1\n|move|p2a: Spiritomb|Max Phantasm|p1a: Gholdengo\n|-supereffective|p1a: Gholdengo\n|-damage|p1a: Gholdengo|57/100\n|-unboost|p1a: Gholdengo|def|1\n|\n|-weather|Snowscape|[upkeep]\n|-heal|p2a: Spiritomb|15/100|[from] item: Leftovers\n|upkeep\n|-end|p1a: Gholdengo|Dynamax\n|-heal|p1a: Gholdengo|57/100|[silent]\n|turn|4\n|\n|t:|1789666029\n|move|p1a: Gholdengo|Make It Rain|p2a: Spiritomb\n|-ability|p2a: Spiritomb|Keystone Legion\n|-message|The spirits of the keystone shield Spiritomb!\n|-start|p1a: Gholdengo|Curse|[of] p2a: Spiritomb\n|-damage|p2a: Spiritomb|1/100\n|-unboost|p1a: Gholdengo|spa|1\n|move|p2a: Spiritomb|Max Phantasm|p1a: Gholdengo\n|-supereffective|p1a: Gholdengo\n|-damage|p1a: Gholdengo|1/100\n|-unboost|p1a: Gholdengo|def|1\n|\n|-weather|Snowscape|[upkeep]\n|-heal|p2a: Spiritomb|4/100|[from] item: Leftovers\n|-damage|p1a: Gholdengo|0 fnt|[from] Curse\n|faint|p1a: Gholdengo\n|-message|A soul joins the legion. Spiritomb's keystone mends!\n|upkeep\n|\n|t:|1789666030\n|switch|p1a: Iron Valiant|Iron Valiant|100/100\n|-enditem|p1a: Iron Valiant|Booster Energy\n|-activate|p1a: Iron Valiant|ability: Quark Drive|[fromitem]\n|-start|p1a: Iron Valiant|quarkdrivespe\n|-end|p2a: Spiritomb|Dynamax\n|-heal|p2a: Spiritomb|4/100|[silent]\n|turn|5\n|\n|t:|1789666047\n|move|p1a: Iron Valiant|Moonblast|p2a: Spiritomb\n|-supereffective|p2a: Spiritomb\n|-ability|p2a: Spiritomb|Keystone Legion\n|-message|The spirits of the keystone shield Spiritomb!\n|-start|p1a: Iron Valiant|Curse|[of] p2a: Spiritomb\n|-damage|p2a: Spiritomb|1/100\n|move|p2a: Spiritomb|Strength Sap|p1a: Iron Valiant\n|-unboost|p1a: Iron Valiant|atk|1\n|-heal|p2a: Spiritomb|80/100\n|\n|-weather|none\n|-heal|p2a: Spiritomb|86/100|[from] item: Leftovers\n|-damage|p1a: Iron Valiant|76/100|[from] Curse\n|upkeep\n|turn|6\n|\n|t:|1789666059\n|switch|p2a: Roserade|Roserade|100/100\n|-ability|p2a: Roserade|Masquerade\n|-start|p1a: Iron Valiant|move: Taunt\n|move|p1a: Iron Valiant|Moonblast|p2a: Roserade\n|-resisted|p2a: Roserade\n|-damage|p2a: Roserade|76/100\n|\n|-damage|p1a: Iron Valiant|51/100|[from] Curse\n|upkeep\n|turn|7\n|\n|t:|1789666065\n|-end|p1a: Iron Valiant|Quark Drive|[silent]\n|switch|p1a: Moltres|Moltres|100/100\n|move|p2a: Roserade|Mortal Spin|p1a: Moltres\n|-damage|p1a: Moltres|95/100\n|-status|p1a: Moltres|psn\n|\n|-damage|p1a: Moltres|83/100 psn|[from] psn\n|upkeep\n|turn|8\n|\n|t:|1789666071\n|switch|p2a: Spiritomb|Spiritomb|86/100\n|move|p1a: Moltres|Flamethrower|p2a: Spiritomb\n|-damage|p2a: Spiritomb|65/100\n|\n|-heal|p2a: Spiritomb|71/100|[from] item: Leftovers\n|-damage|p1a: Moltres|70/100 psn|[from] psn\n|upkeep\n|turn|9\n|\n|t:|1789666072\n|switch|p1a: Iron Valiant|Iron Valiant|51/100\n|move|p2a: Spiritomb|Strength Sap|p1a: Iron Valiant\n|-unboost|p1a: Iron Valiant|atk|1\n|-heal|p2a: Spiritomb|100/100\n|\n|upkeep\n|turn|10\n|\n|t:|1789666076\n|switch|p2a: Roserade|Roserade|76/100\n|-ability|p2a: Roserade|Masquerade\n|-start|p1a: Iron Valiant|move: Taunt\n|move|p1a: Iron Valiant|Moonblast|p2a: Roserade\n|-resisted|p2a: Roserade\n|-damage|p2a: Roserade|52/100\n|\n|upkeep\n|turn|11\n|\n|t:|1789666079\n|-end|p1a: Iron Valiant|Quark Drive|[silent]\n|switch|p1a: Raging Bolt|Raging Bolt|100/100\n|-enditem|p1a: Raging Bolt|Booster Energy\n|-activate|p1a: Raging Bolt|ability: Protosynthesis|[fromitem]\n|-start|p1a: Raging Bolt|protosynthesisspa\n|move|p2a: Roserade|Thorned Bouquet|p1a: Raging Bolt\n|-resisted|p1a: Raging Bolt\n|-damage|p1a: Raging Bolt|80/100\n|-heal|p2a: Roserade|66/100|[from] drain|[of] p1a: Raging Bolt\n|-status|p1a: Raging Bolt|psn\n|\n|-damage|p1a: Raging Bolt|67/100 psn|[from] psn\n|upkeep\n|turn|12\n|\n|t:|1789666093\n|switch|p2a: Togekiss|Togekiss|100/100\n|move|p1a: Raging Bolt|Draco Meteor|p2a: Togekiss\n|-immune|p2a: Togekiss\n|\n|-damage|p1a: Raging Bolt|55/100 psn|[from] psn\n|upkeep\n|turn|13\n|\n|t:|1789666098\n|switch|p2a: Garchomp|Garchomp|100/100\n|-end|p1a: Raging Bolt|Protosynthesis|[silent]\n|switch|p1a: Alomomola|Alomomola|100/100\n|\n|upkeep\n|turn|14\n|\n|t:|1789666103\n|move|p2a: Garchomp|Stealth Rock|p1a: Alomomola\n|-sidestart|p1: Bunny Stockfish|move: Stealth Rock\n|move|p1a: Alomomola|Flip Turn|p2a: Garchomp\n|-damage|p2a: Garchomp|90/100\n|-damage|p1a: Alomomola|88/100|[from] ability: Rough Skin|[of] p2a: Garchomp\n|-damage|p1a: Alomomola|71/100|[from] item: Rocky Helmet|[of] p2a: Garchomp\n|\n|t:|1789666103\n|switch|p1a: Raging Bolt|Raging Bolt|55/100 psn|[from] Flip Turn\n|-damage|p1a: Raging Bolt|43/100 psn|[from] Stealth Rock\n|\n|-damage|p1a: Raging Bolt|30/100 psn|[from] psn\n|upkeep\n|turn|15\n|\n|t:|1789666111\n|move|p2a: Garchomp|Earthquake|p1a: Raging Bolt\n|-supereffective|p1a: Raging Bolt\n|-damage|p1a: Raging Bolt|0 fnt\n|faint|p1a: Raging Bolt\n|-end|p1a: Raging Bolt|Protosynthesis|[silent]\n|\n|upkeep\n|\n|t:|1789666112\n|switch|p1a: Rillaboom|Rillaboom|100/100\n|-damage|p1a: Rillaboom|88/100|[from] Stealth Rock\n|-fieldstart|move: Grassy Terrain|[from] ability: Grassy Surge|[of] p1a: Rillaboom\n|turn|16\n|\n|t:|1789666115\n|-terastallize|p1a: Rillaboom|Grass\n|move|p1a: Rillaboom|Wood Hammer|p2a: Garchomp\n|-damage|p2a: Garchomp|0 fnt\n|-damage|p1a: Rillaboom|76/100|[from] ability: Rough Skin|[of] p2a: Garchomp\n|-damage|p1a: Rillaboom|59/100|[from] item: Rocky Helmet|[of] p2a: Garchomp\n|faint|p2a: Garchomp\n|-damage|p1a: Rillaboom|23/100|[from] Recoil\n|\n|-heal|p1a: Rillaboom|29/100|[from] Grassy Terrain\n|upkeep\n|\n|t:|1789666119\n|switch|p2a: Roserade|Roserade|66/100\n|-ability|p2a: Roserade|Masquerade\n|-start|p1a: Rillaboom|move: Taunt\n|turn|17\n|\n|t:|1789666122\n|switch|p1a: Moltres|Moltres|70/100 psn\n|move|p2a: Roserade|Oxidize|p1a: Moltres\n|-damage|p1a: Moltres|34/100 psn\n|\n|-heal|p2a: Roserade|72/100|[from] Grassy Terrain\n|-damage|p1a: Moltres|21/100 psn|[from] psn\n|upkeep\n|turn|18\n|\n|t:|1789666124\n|move|p2a: Roserade|Oxidize|p1a: Moltres\n|-crit|p1a: Moltres\n|-damage|p1a: Moltres|0 fnt\n|faint|p1a: Moltres\n|\n|-heal|p2a: Roserade|79/100|[from] Grassy Terrain\n|upkeep\n|\n|t:|1789666124\n|switch|p1a: Alomomola|Alomomola|100/100\n|-damage|p1a: Alomomola|88/100|[from] Stealth Rock\n|turn|19\n|\n|t:|1789666126\n|move|p2a: Roserade|Thorned Bouquet|p1a: Alomomola\n|-supereffective|p1a: Alomomola\n|-damage|p1a: Alomomola|29/100\n|-heal|p2a: Roserade|100/100|[from] drain|[of] p1a: Alomomola\n|-status|p1a: Alomomola|psn\n|move|p1a: Alomomola|Body Slam|p2a: Roserade\n|-damage|p2a: Roserade|75/100\n|-status|p2a: Roserade|par\n|\n|-heal|p2a: Roserade|81/100 par|[from] Grassy Terrain\n|-heal|p1a: Alomomola|36/100 psn|[from] Grassy Terrain\n|-damage|p1a: Alomomola|23/100 psn|[from] psn\n|upkeep\n|turn|20\n|\n|t:|1789666128\n|cant|p2a: Roserade|par\n|move|p1a: Alomomola|Body Slam|p2a: Roserade\n|-damage|p2a: Roserade|54/100 par\n|\n|-heal|p2a: Roserade|60/100 par|[from] Grassy Terrain\n|-heal|p1a: Alomomola|29/100 psn|[from] Grassy Terrain\n|-damage|p1a: Alomomola|17/100 psn|[from] psn\n|-fieldend|move: Grassy Terrain\n|upkeep\n|turn|21\n|\n|t:|1789666131\n|move|p2a: Roserade|Thorned Bouquet|p1a: Alomomola\n|-supereffective|p1a: Alomomola\n|-damage|p1a: Alomomola|0 fnt\n|-heal|p2a: Roserade|75/100 par|[from] drain|[of] p1a: Alomomola\n|faint|p1a: Alomomola\n|\n|upkeep\n|\n|t:|1789666131\n|switch|p1a: Iron Valiant|Iron Valiant|51/100\n|-damage|p1a: Iron Valiant|44/100|[from] Stealth Rock\n|turn|22\n|\n|t:|1789666133\n|move|p1a: Iron Valiant|Close Combat|p2a: Roserade\n|-resisted|p2a: Roserade\n|-damage|p2a: Roserade|36/100 par\n|-unboost|p1a: Iron Valiant|def|1\n|-unboost|p1a: Iron Valiant|spd|1\n|cant|p2a: Roserade|par\n|\n|upkeep\n|turn|23\n|\n|t:|1789666135\n|move|p1a: Iron Valiant|Close Combat|p2a: Roserade\n|-resisted|p2a: Roserade\n|-damage|p2a: Roserade|0 fnt\n|-unboost|p1a: Iron Valiant|def|1\n|-unboost|p1a: Iron Valiant|spd|1\n|faint|p2a: Roserade\n|\n|upkeep\n|\n|t:|1789666140\n|switch|p2a: Togekiss|Togekiss|100/100\n|turn|24\n|\n|t:|1789666142\n|move|p2a: Togekiss|Air Slash|p1a: Iron Valiant\n|-supereffective|p1a: Iron Valiant\n|-crit|p1a: Iron Valiant\n|-damage|p1a: Iron Valiant|0 fnt\n|faint|p1a: Iron Valiant\n|-end|p1a: Iron Valiant|Quark Drive|[silent]\n|\n|upkeep\n|\n|t:|1789666142\n|switch|p1a: Rillaboom|Rillaboom, tera:Grass|29/100\n|-damage|p1a: Rillaboom|17/100|[from] Stealth Rock\n|-fieldstart|move: Grassy Terrain|[from] ability: Grassy Surge|[of] p1a: Rillaboom\n|turn|25\n|\n|t:|1789666144\n|move|p2a: Togekiss|Air Slash|p1a: Rillaboom\n|-supereffective|p1a: Rillaboom\n|-damage|p1a: Rillaboom|0 fnt\n|faint|p1a: Rillaboom\n|\n|win|SlimeQueenSamantha\n|raw|Bunny Stockfish's rating: 1332 &rarr; <strong>1332</strong><br />(+0 for losing)\n|raw|SlimeQueenSamantha's rating: 1396 &rarr; <strong>1412</strong><br />(+16 for winning)\n|raw|<small>Bunny Stockfish is at its plateau (1332): a bot's rating never drops below it, so it stays at 1332 (-0). Your win still counts in full.</small>\n",
	"inputlog": ">start {\"formatid\":\"gen9rpou\",\"seed\":\"sodium,7adf6fa064043df50dedbb6b032c716a\",\"rated\":\"Rated battle\"}\n>player p1 {\"name\":\"Bunny Stockfish\",\"avatar\":\"bunny.png\",\"team\":\"Rillaboom||ChoiceBand|GrassySurge|GrassyGlide,WoodHammer,Uturn,KnockOff|Adamant|,252,4,,,252|N||||,,,,,Grass]Raging Bolt||BoosterEnergy|Protosynthesis|CalmMind,Thunderclap,DracoMeteor,Thunderbolt|Modest|,,4,252,,252|N|,20,,,,|||,,,,,Bug]Iron Valiant||BoosterEnergy|QuarkDrive|Moonblast,CloseCombat,KnockOff,Taunt|Naive|,4,,252,,252|N||||,,,,,Steel]Gholdengo||MetalCoat|GoodasGold|NastyPlot,ShadowBall,MakeItRain,FocusBlast|Timid|,,,252,4,252|N|,0,,,,|||,,,,,Fairy]Moltres||HeavyDutyBoots|FlameBody|Flamethrower,Roost,WillOWisp,Roar|Bold|248,,248,,,12|N||||,,,,,Grass]Alomomola||AssaultVest|Regenerator|FlipTurn,Undertow,Scald,BodySlam|Sassy|252,,4,,252,|N|,,,,,0|||,,,,,Fairy\",\"rating\":1332}\n>player p2 {\"name\":\"SlimeQueenSamantha\",\"avatar\":\"queen.png\",\"team\":\"Spiritomb||Leftovers|KeystoneLegion|SoulToll,StrengthSap,PartingShot,WillOWisp|Calm|252,,4,,252,|N||||,,,,,Ghost]Glaceon||LifeOrb|DiamondDust|Blizzard,FreezeDry,AuroraVeil,EarthPower|Modest|,,4,252,,252|N|,0,,,,|||,,,,,Ice]Garchomp||RockyHelmet|RoughSkin|Earthquake,DragonTail,StealthRock,Spikes|Impish|252,,216,,,40|N||||,,,,,Ghost]Roserade||HeavyDutyBoots|Masquerade|ThornedBouquet,Oxidize,NastyPlot,MortalSpin|Timid|,,,252,4,252|N||||,,,,,Grass]Togekiss||ChoiceScarf|SereneGrace|AirSlash,Uturn,AlluringVoice,Flamethrower|Timid|,,,252,4,252|N||||,,,,,Fairy]Lucario||LucarioniteZ|Steadfast|NastyPlot,AuraSphere,HiddenPowerIce,DarkPulse|Timid|,,,252,,252|N|,0,,,,|||,Ice,,,,Fighting\",\"rating\":1396}\n>chat ☆Bunny Stockfish|Good luck! Playing on **stockfish**.\n>p1 team 4, 3, 1, 2, 5, 6\n>p2 team 2, 1, 3, 4, 5, 6\n>p1 move makeitrain dynamax\n>p2 switch 2\n>p1 move makeitrain dynamax\n>p2 move soultoll dynamax\n>p1 move makeitrain dynamax\n>p2 move soultoll dynamax\n>p1 move makeitrain\n>p2 move soultoll dynamax\n>p1 switch 2\n>p1 move moonblast\n>p2 move strengthsap\n>p1 move moonblast\n>p2 switch 4\n>p1 switch 5\n>p2 move mortalspin\n>p1 move flamethrower\n>p2 switch 4\n>p1 switch 5\n>p2 move strengthsap\n>p1 move moonblast\n>p2 switch 4\n>p1 switch 4\n>p2 move thornedbouquet\n>p1 move dracometeor\n>p2 switch 5\n>p1 switch 6\n>p2 switch 3\n>p1 move flipturn\n>p2 move stealthrock\n>p1 switch 6\n>p1 move dracometeor\n>p2 move earthquake\n>p1 switch 3\n>p1 move woodhammer terastallize\n>p2 move spikes\n>p2 switch 5\n>p1 switch 5\n>p2 move oxidize\n>p1 move flamethrower\n>p2 move oxidize\n>p1 switch 6\n>p1 move bodyslam\n>p2 move thornedbouquet\n>p1 move bodyslam\n>p2 move thornedbouquet\n>p1 move bodyslam\n>p2 move thornedbouquet\n>p1 switch 4\n>p1 move closecombat\n>p2 move oxidize\n>p1 move closecombat\n>p2 move oxidize\n>p2 switch 3\n>p1 move moonblast\n>p2 move airslash\n>p1 switch 5\n>p1 move woodhammer\n>p2 move airslash",
	"uploadtime": 1789666148
}