{
	"id": "gen9rpou-10-tlj24k",
	"format": "[Gen 9] RP OU",
	"players": [
		"Bunny Stockfish",
		"TheRealWhimsicott"
	],
	"rating": null,
	"log": "|j|☆Bunny Stockfish\n|j|☆TheRealWhimsicott\n|t:|1789683398\n|gametype|singles\n|badge|p1|silver|gen9rpou|2-2\n|player|p1|Bunny Stockfish|bunny.png|1354\n|player|p2|TheRealWhimsicott|1|1188\n|gen|9\n|tier|[Gen 9] RP OU\n|rated|\n|rule|HP Percentage Mod: HP is shown in percentages\n|rule|Endless Battle Clause: Forcing endless battles is banned\n|rule|Species Clause: Limit one of each Pokémon\n|rule|OHKO Clause: OHKO moves are banned\n|rule|Evasion Clause: Evasion abilities, items, and moves are banned\n|rule|Evasion Abilities Clause: Evasion abilities are banned\n|rule|Evasion Items Clause: Evasion items are banned\n|rule|Evasion Moves Clause: Evasion moves are banned\n|rule|Sleep Clause Mod: Limit one foe put to sleep\n|clearpoke\n|poke|p1|Alomomola|\n|poke|p1|Blissey|\n|poke|p1|Pecharunt|\n|poke|p1|Clefable|\n|poke|p1|Empoleon|\n|poke|p1|Rillaboom|\n|poke|p2|Kingambit|\n|poke|p2|Haxorus|\n|poke|p2|Pawmot|\n|poke|p2|Glaceon|\n|poke|p2|Gyarados|\n|poke|p2|Garganacl|\n|teampreview\n|c|☆Bunny Stockfish|Good luck! Playing on **stockfish**.\n|\n|t:|1789683420\n|teamsize|p1|6\n|teamsize|p2|6\n|start\n|switch|p1a: Empoleon|Empoleon|100/100\n|switch|p2a: Glaceon|Glaceon|100/100\n|-weather|Snowscape|[from] ability: Diamond Dust|[of] p2a: Glaceon\n|turn|1\n|\n|t:|1789683424\n|move|p2a: Glaceon|Focus Blast|p1a: Empoleon\n|-supereffective|p1a: Empoleon\n|-damage|p1a: Empoleon|5/100\n|move|p1a: Empoleon|Imperial Torrent|p2a: Glaceon\n|-damage|p2a: Glaceon|34/100\n|\n|-weather|Snowscape|[upkeep]\n|-heal|p1a: Empoleon|12/100|[from] item: Leftovers\n|upkeep\n|turn|2\n|\n|t:|1789683432\n|switch|p2a: Gyarados|Gyarados|100/100\n|-ability|p2a: Gyarados|Intimidate|boost\n|-unboost|p1a: Empoleon|atk|1\n|-ability|p1a: Empoleon|Emperor's Pride|boost\n|-boost|p1a: Empoleon|spa|2\n|move|p1a: Empoleon|Imperial Torrent|p2a: Gyarados\n|-resisted|p2a: Gyarados\n|-damage|p2a: Gyarados|41/100\n|\n|-weather|Snowscape|[upkeep]\n|-heal|p1a: Empoleon|18/100|[from] item: Leftovers\n|upkeep\n|turn|3\n|\n|t:|1789683438\n|detailschange|p2a: Gyarados|Gyarados-Mega\n|-mega|p2a: Gyarados|Gyarados|Gyaradosite\n|-ability|p2a: Gyarados|Mold Breaker\n|move|p2a: Gyarados|Earthquake|p1a: Empoleon\n|-supereffective|p1a: Empoleon\n|-crit|p1a: Empoleon\n|-damage|p1a: Empoleon|0 fnt\n|faint|p1a: Empoleon\n|\n|-weather|Snowscape|[upkeep]\n|upkeep\n|\n|t:|1789683438\n|switch|p1a: Rillaboom|Rillaboom|100/100\n|-fieldstart|move: Grassy Terrain|[from] ability: Grassy Surge|[of] p1a: Rillaboom\n|turn|4\n|\n|t:|1789683448\n|-terastallize|p1a: Rillaboom|Grass\n|move|p1a: Rillaboom|Wood Hammer|p2a: Gyarados\n|-supereffective|p2a: Gyarados\n|-damage|p2a: Gyarados|0 fnt\n|faint|p2a: Gyarados\n|detailschange|p2: Gyarados|Gyarados|[silent]\n|-damage|p1a: Rillaboom|88/100|[from] Recoil\n|\n|-weather|Snowscape|[upkeep]\n|-heal|p1a: Rillaboom|94/100|[from] Grassy Terrain\n|upkeep\n|\n|t:|1789683456\n|switch|p2a: Haxorus|Haxorus|100/100\n|-ability|p2a: Haxorus|Mold Breaker\n|turn|5\n|\n|t:|1789683458\n|switch|p1a: Clefable|Clefable|100/100\n|move|p2a: Haxorus|Hone Claws|p2a: Haxorus\n|-boost|p2a: Haxorus|atk|1\n|-boost|p2a: Haxorus|accuracy|1\n|\n|-weather|none\n|upkeep\n|turn|6\n|\n|t:|1789683462\n|move|p2a: Haxorus|Iron Head|p1a: Clefable\n|-supereffective|p1a: Clefable\n|-damage|p1a: Clefable|32/100\n|-damage|p2a: Haxorus|84/100|[from] item: Rocky Helmet|[of] p1a: Clefable\n|move|p1a: Clefable|Moonblast|p2a: Haxorus\n|-supereffective|p2a: Haxorus\n|-damage|p2a: Haxorus|0 fnt\n|faint|p2a: Haxorus\n|\n|-heal|p1a: Clefable|39/100|[from] Grassy Terrain\n|upkeep\n|\n|t:|1789683470\n|switch|p2a: Pawmot|Pawmot|100/100\n|turn|7\n|\n|t:|1789683472\n|switch|p1a: Pecharunt|Pecharunt|100/100\n|move|p2a: Pawmot|Double Shock|p1a: Pecharunt\n|-damage|p1a: Pecharunt|42/100\n|-start|p2a: Pawmot|typechange|???/Fighting|[from] move: Double Shock\n|\n|-heal|p1a: Pecharunt|48/100|[from] Grassy Terrain\n|upkeep\n|turn|8\n|\n|t:|1789683478\n|switch|p1a: Rillaboom|Rillaboom, tera:Grass|94/100\n|-terastallize|p2a: Pawmot|Electric\n|move|p2a: Pawmot|Double Shock|p1a: Rillaboom\n|-resisted|p1a: Rillaboom\n|-damage|p1a: Rillaboom|45/100\n|-start|p2a: Pawmot|typechange|Electric|[from] move: Double Shock\n|\n|-heal|p1a: Rillaboom|52/100|[from] Grassy Terrain\n|-fieldend|move: Grassy Terrain\n|upkeep\n|turn|9\n|\n|t:|1789683485\n|switch|p2a: Glaceon|Glaceon|34/100\n|-weather|Snowscape|[from] ability: Diamond Dust|[of] p2a: Glaceon\n|move|p1a: Rillaboom|Wood Hammer|p2a: Glaceon\n|-damage|p2a: Glaceon|0 fnt\n|faint|p2a: Glaceon\n|-damage|p1a: Rillaboom|43/100|[from] Recoil\n|\n|-weather|Snowscape|[upkeep]\n|upkeep\n|\n|t:|1789683487\n|switch|p2a: Pawmot|Pawmot, tera:Electric|100/100\n|turn|10\n|\n|t:|1789683490\n|move|p2a: Pawmot|Double Shock|p1a: Rillaboom\n|-resisted|p1a: Rillaboom\n|-damage|p1a: Rillaboom|0 fnt\n|-start|p2a: Pawmot|typechange|Electric|[from] move: Double Shock\n|faint|p1a: Rillaboom\n|\n|-weather|Snowscape|[upkeep]\n|upkeep\n|\n|t:|1789683491\n|switch|p1a: Alomomola|Alomomola|100/100\n|turn|11\n|\n|t:|1789683493\n|move|p2a: Pawmot|Double Shock|p1a: Alomomola\n|-supereffective|p1a: Alomomola\n|-damage|p1a: Alomomola|0 fnt\n|-start|p2a: Pawmot|typechange|Electric|[from] move: Double Shock\n|faint|p1a: Alomomola\n|\n|-weather|Snowscape|[upkeep]\n|upkeep\n|\n|t:|1789683493\n|switch|p1a: Pecharunt|Pecharunt|48/100\n|turn|12\n|\n|t:|1789683497\n|-start|p1a: Pecharunt|Dynamax|\n|-heal|p1a: Pecharunt|48/100|[silent]\n|move|p2a: Pawmot|Double Shock|p1a: Pecharunt\n|-damage|p1a: Pecharunt|8/100\n|-start|p2a: Pawmot|typechange|Electric|[from] move: Double Shock\n|move|p1a: Pecharunt|Max Ooze|p2a: Pawmot\n|-damage|p2a: Pawmot|38/100\n|-boost|p1a: Pecharunt|spa|1\n|\n|-weather|Snowscape|[upkeep]\n|upkeep\n|turn|13\n|\n|t:|1789683500\n|move|p2a: Pawmot|Double Shock|p1a: Pecharunt\n|-damage|p1a: Pecharunt|0 fnt\n|-start|p2a: Pawmot|typechange|Electric|[from] move: Double Shock\n|faint|p1a: Pecharunt\n|\n|-weather|none\n|upkeep\n|\n|t:|1789683500\n|switch|p1a: Clefable|Clefable|39/100\n|turn|14\n|\n|t:|1789683502\n|move|p2a: Pawmot|Double Shock|p1a: Clefable\n|-damage|p1a: Clefable|0 fnt\n|-start|p2a: Pawmot|typechange|Electric|[from] move: Double Shock\n|-damage|p2a: Pawmot|22/100|[from] item: Rocky Helmet|[of] p1a: Clefable\n|faint|p1a: Clefable\n|\n|upkeep\n|\n|t:|1789683502\n|switch|p1a: Blissey|Blissey|100/100\n|turn|15\n|\n|t:|1789683504\n|move|p2a: Pawmot|Double Shock|p1a: Blissey\n|-damage|p1a: Blissey|0 fnt\n|-start|p2a: Pawmot|typechange|Electric|[from] move: Double Shock\n|faint|p1a: Blissey\n|\n|win|TheRealWhimsicott\n",
	"inputlog": ">start {\"formatid\":\"gen9rpou\",\"seed\":\"sodium,f36d1962739f20d2b6dbcee6b74d85d8\",\"rated\":\"Rated battle\"}\n>player p1 {\"name\":\"Bunny Stockfish\",\"avatar\":\"bunny.png\",\"team\":\"Alomomola||AssaultVest|Regenerator|FlipTurn,Undertow,Scald,PlayRough|Sassy|252,,4,,252,|N|,,,,,0|||,,,,,Normal]Blissey||HeavyDutyBoots|SereneGrace|SoftBoiled,CalmMind,SeismicToss,ShadowBall|Calm|4,,252,,252,|N|,0,,,,|||,,,,,Water]Pecharunt||HeavyDutyBoots|PoisonPuppeteer|NastyPlot,MalignantChain,ShadowBall,Recover|Timid|,,,252,4,252|N||||,,,,,Ghost]Clefable||RockyHelmet|MagicGuard|StealthRock,Moonblast,Moonlight,ThunderWave|Bold|252,,252,,4,|N||||,,,,,Water]Empoleon||Leftovers|EmperorsPride|ImperialTorrent,Roost,StealthRock,RoyalDecree|Calm|252,,4,,252,|N||||,,,,,Flying]Rillaboom||ChoiceBand|GrassySurge|GrassyGlide,WoodHammer,Uturn,KnockOff|Adamant|,252,4,,,252|N||||,,,G,,Grass\",\"rating\":1354}\n>player p2 {\"name\":\"TheRealWhimsicott\",\"avatar\":\"1\",\"team\":\"Kingambit||BlackGlasses|Defiant|KnockOff,Pursuit,SuckerPunch,SwordsDance|Adamant|252,252,,,4,|N||||,,,,,Dark]Haxorus||LoadedDice|MoldBreaker|HoneClaws,ScaleShot,Earthquake,IronHead|Jolly|4,252,,,,252|N||||,,,,,Steel]Pawmot||ChoiceBand|IronFist|RevivalBlessing,SparkScamper,CloseCombat,DoubleShock|Jolly|4,252,,,,252|N||||,,,,,Electric]Glaceon||ChoiceSpecs|DiamondDust|EarthPower,FreezeDry,FocusBlast,Blizzard|Modest|,,,252,4,252|N|,0,,,,|||,,,,,Ice]Gyarados||Gyaradosite|Intimidate|DragonDance,Earthquake,Waterfall,Crunch|Adamant|4,252,,,,252|N||||,,,,,Water]Garganacl||Leftovers|PurifyingSalt|Curse,SaltCure,BodyPress,Recover|Impish|252,4,252,,,|N||||,,,,,Ghost\",\"rating\":1188}\n>chat ☆Bunny Stockfish|Good luck! Playing on **stockfish**.\n>p1 team 5, 3, 6, 4, 2, 1\n>p2 team 4, 2, 3, 1, 5, 6\n>p1 move imperialtorrent\n>p2 move focusblast\n>p1 move imperialtorrent\n>p2 switch 5\n>p1 move imperialtorrent\n>p2 move earthquake mega\n>p1 switch 3\n>p1 move woodhammer terastallize\n>p2 move crunch\n>p2 switch 2\n>p1 switch 4\n>p2 move honeclaws\n>p1 move moonblast\n>p2 move ironhead\n>p2 switch 3\n>p1 switch 2\n>p2 move doubleshock\n>p1 switch 4\n>p2 move doubleshock terastallize\n>p1 move woodhammer\n>p2 switch 5\n>p2 switch 5\n>p1 move woodhammer\n>p2 move doubleshock\n>p1 switch 6\n>p1 move playrough\n>p2 move doubleshock\n>p1 switch 4\n>p1 move malignantchain dynamax\n>p2 move doubleshock\n>p1 move shadowball dynamax\n>p2 move doubleshock\n>p1 switch 2\n>p1 move moonblast\n>p2 move doubleshock\n>p1 switch 5\n>p1 move shadowball\n>p2 move doubleshock",
	"uploadtime": 1789683504
}