{
	"id": "gen9rpou-2-tm81he",
	"format": "[Gen 9] RP OU",
	"players": [
		"Bunny Stockfish",
		"SlimeQueenSamantha"
	],
	"rating": null,
	"log": "|j|☆Bunny Stockfish\n|j|☆SlimeQueenSamantha\n|t:|1790846207\n|gametype|singles\n|badge|p1|bronze|gen9rpou|3-3\n|badge|p2|gold|gen9rpou|1-1\n|player|p1|Bunny Stockfish|bunny.png|1355\n|player|p2|SlimeQueenSamantha|queen.png|1518\n|gen|9\n|tier|[Gen 9] RP OU\n|rated|\n|rule|HP Percentage Mod: HP is shown in percentages\n|rule|Endless Battle Clause: Forcing endless battles is banned\n|rule|Species Clause: Limit one of each Pokémon\n|rule|OHKO Clause: OHKO moves are banned\n|rule|Evasion Clause: Evasion abilities, items, and moves are banned\n|rule|Evasion Abilities Clause: Evasion abilities are banned\n|rule|Evasion Items Clause: Evasion items are banned\n|rule|Evasion Moves Clause: Evasion moves are banned\n|rule|Sleep Clause Mod: Limit one foe put to sleep\n|clearpoke\n|poke|p1|Kingambit|\n|poke|p1|Simisear|\n|poke|p1|Espeon|\n|poke|p1|Landorus|\n|poke|p1|Roaring Moon|\n|poke|p1|Primarina|\n|poke|p2|Gouging Fire|\n|poke|p2|Torkoal|\n|poke|p2|Infernape|\n|poke|p2|Leafeon|\n|poke|p2|Landorus-Therian|\n|poke|p2|Walking Wake|\n|teampreview\n|c|☆Bunny Stockfish|Good luck! Playing on **stockfish**.\n|\n|t:|1790846218\n|teamsize|p1|6\n|teamsize|p2|6\n|start\n|switch|p1a: Simisear|Simisear|100/100\n|switch|p2a: Walking Wake|Walking Wake|100/100\n|-weather|SunnyDay|[from] ability: Solar Surge|[of] p1a: Simisear\n|-activate|p2a: Walking Wake|ability: Protosynthesis\n|-start|p2a: Walking Wake|protosynthesisspe\n|turn|1\n|\n|t:|1790846221\n|move|p2a: Walking Wake|Hydro Steam|p1a: Simisear\n|-supereffective|p1a: Simisear\n|-damage|p1a: Simisear|0 fnt\n|faint|p1a: Simisear\n|\n|-weather|SunnyDay|[upkeep]\n|upkeep\n|\n|t:|1790846223\n|switch|p1a: Primarina|Primarina|100/100\n|turn|2\n|\n|t:|1790846226\n|-end|p2a: Walking Wake|Protosynthesis|[silent]\n|switch|p2a: Leafeon|Leafeon|100/100\n|move|p1a: Primarina|Draining Kiss|p2a: Leafeon\n|-damage|p2a: Leafeon|47/100\n|\n|-weather|SunnyDay|[upkeep]\n|upkeep\n|turn|3\n|\n|t:|1790846229\n|-terastallize|p1a: Primarina|Steel\n|move|p2a: Leafeon|Leaf Blade|p1a: Primarina\n|-enditem|p2a: Leafeon|Grass Gem|[from] gem\n|-resisted|p1a: Primarina\n|-crit|p1a: Primarina\n|-damage|p1a: Primarina|49/100\n|move|p1a: Primarina|Draining Kiss|p2a: Leafeon\n|-damage|p2a: Leafeon|0 fnt\n|-heal|p1a: Primarina|75/100|[from] drain|[of] p2a: Leafeon\n|faint|p2a: Leafeon\n|\n|-weather|SunnyDay|[upkeep]\n|-heal|p1a: Primarina|81/100|[from] item: Leftovers\n|upkeep\n|\n|t:|1790846233\n|switch|p2a: Infernape|Infernape|100/100\n|turn|4\n|\n|t:|1790846236\n|move|p2a: Infernape|Fire Blast|p1a: Primarina|[miss]\n|-miss|p2a: Infernape|p1a: Primarina\n|move|p1a: Primarina|Surf|p2a: Infernape\n|-supereffective|p2a: Infernape\n|-damage|p2a: Infernape|30/100\n|\n|-weather|SunnyDay|[upkeep]\n|-heal|p1a: Primarina|87/100|[from] item: Leftovers\n|upkeep\n|turn|5\n|\n|t:|1790846238\n|move|p2a: Infernape|Fire Blast|p1a: Primarina\n|-supereffective|p1a: Primarina\n|-damage|p1a: Primarina|0 fnt\n|faint|p1a: Primarina\n|\n|-weather|none\n|upkeep\n|\n|t:|1790846239\n|switch|p1a: Espeon|Espeon|100/100\n|turn|6\n|\n|t:|1790846242\n|-start|p1a: Espeon|Dynamax|\n|-heal|p1a: Espeon|100/100|[silent]\n|move|p1a: Espeon|Max Mindstorm|p2a: Infernape\n|-supereffective|p2a: Infernape\n|-damage|p2a: Infernape|0 fnt\n|-fieldstart|move: Psychic Terrain\n|faint|p2a: Infernape\n|\n|upkeep\n|\n|t:|1790846248\n|switch|p2a: Torkoal|Torkoal|100/100\n|-weather|SunnyDay|[from] ability: Drought|[of] p2a: Torkoal\n|turn|7\n|\n|t:|1790846251\n|move|p1a: Espeon|Max Mindstorm|p2a: Torkoal\n|-crit|p2a: Torkoal\n|-damage|p2a: Torkoal|0 fnt\n|faint|p2a: Torkoal\n|\n|-weather|SunnyDay|[upkeep]\n|upkeep\n|\n|t:|1790846256\n|switch|p2a: Walking Wake|Walking Wake|100/100\n|-activate|p2a: Walking Wake|ability: Protosynthesis\n|-start|p2a: Walking Wake|protosynthesisspe\n|turn|8\n|\n|t:|1790846263\n|-start|p2a: Walking Wake|Dynamax|\n|-heal|p2a: Walking Wake|100/100|[silent]\n|move|p2a: Walking Wake|Max Wyrmwind|p1a: Espeon\n|-damage|p1a: Espeon|56/100\n|-unboost|p1a: Espeon|atk|1\n|move|p1a: Espeon|Max Starfall|p2a: Walking Wake\n|-supereffective|p2a: Walking Wake\n|-damage|p2a: Walking Wake|30/100\n|-fieldstart|move: Misty Terrain\n|\n|-weather|SunnyDay|[upkeep]\n|upkeep\n|-end|p1a: Espeon|Dynamax\n|-heal|p1a: Espeon|56/100|[silent]\n|turn|9\n|\n|t:|1790846268\n|move|p2a: Walking Wake|Max Wyrmwind|p1a: Espeon\n|-damage|p1a: Espeon|13/100\n|-unboost|p1a: Espeon|atk|1\n|move|p1a: Espeon|Psychic|p2a: Walking Wake\n|-damage|p2a: Walking Wake|0 fnt\n|faint|p2a: Walking Wake\n|-end|p2a: Walking Wake|Protosynthesis|[silent]\n|\n|-weather|SunnyDay|[upkeep]\n|upkeep\n|\n|t:|1790846271\n|switch|p2a: Gouging Fire|Gouging Fire|100/100\n|-activate|p2a: Gouging Fire|ability: Protosynthesis\n|-start|p2a: Gouging Fire|protosynthesisatk\n|turn|10\n|\n|t:|1790846273\n|move|p1a: Espeon|Psychic|p2a: Gouging Fire\n|-damage|p2a: Gouging Fire|36/100\n|move|p2a: Gouging Fire|Dragon Dance|p2a: Gouging Fire\n|-boost|p2a: Gouging Fire|atk|1\n|-boost|p2a: Gouging Fire|spe|1\n|\n|-weather|SunnyDay|[upkeep]\n|upkeep\n|turn|11\n|\n|t:|1790846276\n|move|p2a: Gouging Fire|Heat Crash|p1a: Espeon\n|-damage|p1a: Espeon|0 fnt\n|faint|p1a: Espeon\n|\n|-weather|SunnyDay|[upkeep]\n|upkeep\n|\n|t:|1790846276\n|switch|p1a: Landorus|Landorus|100/100\n|turn|12\n|\n|t:|1790846278\n|move|p1a: Landorus|Sludge Wave|p2a: Gouging Fire\n|-damage|p2a: Gouging Fire|0 fnt\n|faint|p2a: Gouging Fire\n|-end|p2a: Gouging Fire|Protosynthesis|[silent]\n|\n|-weather|SunnyDay|[upkeep]\n|-fieldend|Misty Terrain\n|upkeep\n|\n|t:|1790846281\n|switch|p2a: Landorus|Landorus-Therian|100/100\n|-ability|p2a: Landorus|Intimidate|boost\n|-unboost|p1a: Landorus|atk|1\n|turn|13\n|\n|t:|1790846284\n|switch|p1a: Kingambit|Kingambit|100/100\n|-activate|p1a: Kingambit|ability: Supreme Overlord\n|-start|p1a: Kingambit|fallen3|[silent]\n|move|p2a: Landorus|Knock Off|p1a: Kingambit\n|-resisted|p1a: Kingambit\n|-damage|p1a: Kingambit|88/100\n|-enditem|p1a: Kingambit|Black Glasses|[from] move: Knock Off|[of] p2a: Landorus\n|\n|-weather|SunnyDay|[upkeep]\n|upkeep\n|turn|14\n|\n|t:|1790846286\n|move|p1a: Kingambit|Sucker Punch|p2a: Landorus\n|-damage|p2a: Landorus|51/100\n|move|p2a: Landorus|Earthquake|p1a: Kingambit\n|-supereffective|p1a: Kingambit\n|-damage|p1a: Kingambit|14/100\n|\n|-weather|none\n|-heal|p2a: Landorus|57/100|[from] item: Leftovers\n|upkeep\n|turn|15\n|\n|t:|1790846292\n|move|p1a: Kingambit|Sucker Punch|p2a: Landorus\n|-damage|p2a: Landorus|4/100\n|move|p2a: Landorus|Earthquake|p1a: Kingambit\n|-supereffective|p1a: Kingambit\n|-damage|p1a: Kingambit|0 fnt\n|faint|p1a: Kingambit\n|-end|p1a: Kingambit|fallen3|[silent]\n|\n|-heal|p2a: Landorus|10/100|[from] item: Leftovers\n|upkeep\n|\n|t:|1790846292\n|switch|p1a: Roaring Moon|Roaring Moon|100/100\n|-enditem|p1a: Roaring Moon|Booster Energy\n|-activate|p1a: Roaring Moon|ability: Protosynthesis|[fromitem]\n|-start|p1a: Roaring Moon|protosynthesisatk\n|turn|16\n|\n|t:|1790846295\n|move|p1a: Roaring Moon|Knock Off|p2a: Landorus\n|-damage|p2a: Landorus|0 fnt\n|-enditem|p2a: Landorus|Leftovers|[from] move: Knock Off|[of] p1a: Roaring Moon\n|faint|p2a: Landorus\n|\n|win|Bunny Stockfish\n",
	"inputlog": ">start {\"formatid\":\"gen9rpou\",\"seed\":\"sodium,3d4d64ebc43dcda6486cd1fa86dc283e\",\"rated\":\"Rated battle\"}\n>player p1 {\"name\":\"Bunny Stockfish\",\"avatar\":\"bunny.png\",\"team\":\"Kingambit||BlackGlasses|SupremeOverlord|CarrionFeast,SuckerPunch,KowtowCleave,IronHead|Adamant|,252,4,,,252|N||||,,,,,Flying]Simisear||ElementalBanana|SolarSurge|CinderRush,TemperFlare,FocusBlast,Flamethrower|Jolly|,252,,,4,252|N||||,,,,,Fire]Espeon||LifeOrb|Prescience|Psychic,AlluringVoice,ShadowBall,CalmMind|Timid|,,,252,4,252|N|,0,,,,|||,,,,,Psychic]Landorus||ChoiceScarf|SheerForce|EarthPower,Psychic,SludgeWave,FocusBlast|Timid|,,,252,4,252|N|,0,,,,|||,,,,,Ground]Roaring Moon||BoosterEnergy|Protosynthesis|DragonDance,KnockOff,Acrobatics,Taunt|Adamant|,252,4,,,252|N||||,,,,,Fairy]Primarina||Leftovers|Torrent|CalmMind,Surf,DrainingKiss,PsychicNoise|Modest|252,,,248,8,|N|,0,,,,|||,,,,,Steel\",\"rating\":1355}\n>player p2 {\"name\":\"SlimeQueenSamantha\",\"avatar\":\"queen.png\",\"team\":\"Gouging Fire||HeavyDutyBoots|Protosynthesis|HeatCrash,Earthquake,DragonDance,MorningSun|Jolly|,252,,,4,252|N||||,,,,,Fairy]Torkoal||HeatRock|Drought|LavaPlume,RapidSpin,StealthRock,WillOWisp|Bold|248,,252,,8,|N||||,,,,,Dragon]Infernape||HeavyDutyBoots|CrownofFlame|CloseCombat,FireBlast,IcePunch,Uturn|Hasty|,252,,4,,252|N||||,,,,,Fighting]Leafeon||GrassGem|Solstice|LeafBlade,Earthquake,SwordsDance,TeraBlast|Naive|,252,,4,,252|N||||,,,,,Fire]Landorus|LandorusTherian|Leftovers|Intimidate|Earthquake,Uturn,Defog,KnockOff|Careful|252,4,,,252,|N||||,,,,,Water]Walking Wake||ChoiceSpecs|Protosynthesis|HydroSteam,DracoMeteor,Flamethrower,DragonPulse|Timid|12,,,244,,252|N|,0,,,,|||,,,,,Water\",\"rating\":1518}\n>chat ☆Bunny Stockfish|Good luck! Playing on **stockfish**.\n>p1 team 2, 3, 5, 4, 1, 6\n>p2 team 6, 2, 3, 4, 5, 1\n>p1 move focusblast\n>p2 move hydrosteam\n>p1 switch 6\n>p1 move drainingkiss\n>p2 switch 4\n>p1 move drainingkiss terastallize\n>p2 move leafblade\n>p2 switch 3\n>p1 move surf\n>p2 move fireblast\n>p1 move surf\n>p2 move fireblast\n>p1 switch 2\n>p1 move psychic dynamax\n>p2 move uturn\n>p2 switch 2\n>p1 move psychic dynamax\n>p2 move stealthrock\n>p2 switch 4\n>p1 move alluringvoice dynamax\n>p2 move dracometeor dynamax\n>p1 move psychic\n>p2 move dracometeor dynamax\n>p2 switch 6\n>p1 move psychic\n>p2 move dragondance\n>p1 move psychic\n>p2 move heatcrash\n>p1 switch 4\n>p1 move sludgewave\n>p2 move heatcrash\n>p2 switch 5\n>p1 switch 5\n>p2 move knockoff\n>p1 move suckerpunch\n>p2 move earthquake\n>p1 move suckerpunch\n>p2 move earthquake\n>p1 switch 3\n>p1 move knockoff\n>p2 move uturn",
	"uploadtime": 1790846295
}