{
	"id": "gen9rpou-16-tlj24k",
	"format": "[Gen 9] RP OU",
	"players": [
		"Bunny Stockfish",
		"TheRealWhimsicott"
	],
	"rating": null,
	"log": "|j|☆Bunny Stockfish\n|j|☆TheRealWhimsicott\n|t:|1789684457\n|gametype|singles\n|badge|p1|silver|gen9rpou|2-2\n|badge|p2|bronze|gen9rpou|3-3\n|player|p1|Bunny Stockfish|bunny.png|1332\n|player|p2|TheRealWhimsicott|1|1321\n|gen|9\n|tier|[Gen 9] RP OU\n|rated|\n|rule|HP Percentage Mod: HP is shown in percentages\n|rule|Endless Battle Clause: Forcing endless battles is banned\n|rule|Species Clause: Limit one of each Pokémon\n|rule|OHKO Clause: OHKO moves are banned\n|rule|Evasion Clause: Evasion abilities, items, and moves are banned\n|rule|Evasion Abilities Clause: Evasion abilities are banned\n|rule|Evasion Items Clause: Evasion items are banned\n|rule|Evasion Moves Clause: Evasion moves are banned\n|rule|Sleep Clause Mod: Limit one foe put to sleep\n|clearpoke\n|poke|p1|Clodsire|\n|poke|p1|Simipour|\n|poke|p1|Glaceon|\n|poke|p1|Ninetales-Alola|\n|poke|p1|Sinistcha-Masterpiece|\n|poke|p1|Espeon|\n|poke|p2|Kingambit|\n|poke|p2|Haxorus|\n|poke|p2|Pawmot|\n|poke|p2|Glaceon|\n|poke|p2|Tapu Koko|\n|poke|p2|Corviknight|\n|teampreview\n|c|☆Bunny Stockfish|Good luck! Playing on **stockfish**.\n|\n|t:|1789684478\n|teamsize|p1|6\n|teamsize|p2|6\n|start\n|switch|p1a: Simipour|Simipour|100/100\n|switch|p2a: Glaceon|Glaceon|100/100\n|-weather|RainDance|[from] ability: Tidal Surge|[of] p1a: Simipour\n|-weather|Snowscape|[from] ability: Diamond Dust|[of] p2a: Glaceon\n|turn|1\n|\n|t:|1789684484\n|switch|p2a: Corviknight|Corviknight|100/100\n|-ability|p2a: Corviknight|Pressure\n|-terastallize|p1a: Simipour|Water\n|-activate|p1a: Simipour|item: Elemental Banana\n|-weather|RainDance|[from] ability: Tidal Surge|[of] p1a: Simipour\n|move|p1a: Simipour|Liquidation|p2a: Corviknight\n|-damage|p2a: Corviknight|39/100\n|-unboost|p2a: Corviknight|def|1\n|\n|-weather|RainDance|[upkeep]\n|-heal|p2a: Corviknight|45/100|[from] item: Leftovers\n|upkeep\n|turn|2\n|\n|t:|1789684488\n|move|p2a: Corviknight|Protect|p2a: Corviknight\n|-singleturn|p2a: Corviknight|Protect\n|move|p1a: Simipour|Liquidation|p2a: Corviknight\n|-activate|p2a: Corviknight|move: Protect\n|\n|-weather|RainDance|[upkeep]\n|-heal|p2a: Corviknight|51/100|[from] item: Leftovers\n|upkeep\n|turn|3\n|\n|t:|1789684494\n|move|p1a: Simipour|Liquidation|p2a: Corviknight\n|-damage|p2a: Corviknight|0 fnt\n|faint|p2a: Corviknight\n|\n|-weather|RainDance|[upkeep]\n|upkeep\n|\n|t:|1789684498\n|switch|p2a: Glaceon|Glaceon|100/100\n|-weather|Snowscape|[from] ability: Diamond Dust|[of] p2a: Glaceon\n|turn|4\n|\n|t:|1789684500\n|-terastallize|p2a: Glaceon|Ice\n|move|p1a: Simipour|Liquidation|p2a: Glaceon\n|-damage|p2a: Glaceon|41/100\n|move|p2a: Glaceon|Freeze-Dry|p1a: Simipour\n|-supereffective|p1a: Simipour\n|-damage|p1a: Simipour|0 fnt\n|faint|p1a: Simipour\n|\n|-weather|Snowscape|[upkeep]\n|upkeep\n|\n|t:|1789684501\n|switch|p1a: Espeon|Espeon|100/100\n|turn|5\n|\n|t:|1789684508\n|-start|p1a: Espeon|Dynamax|\n|-heal|p1a: Espeon|100/100|[silent]\n|move|p2a: Glaceon|Freeze-Dry|p1a: Espeon\n|-damage|p1a: Espeon|46/100\n|move|p1a: Espeon|Max Mindstorm|p2a: Glaceon\n|-damage|p2a: Glaceon|0 fnt\n|-fieldstart|move: Psychic Terrain\n|faint|p2a: Glaceon\n|\n|-weather|Snowscape|[upkeep]\n|upkeep\n|\n|t:|1789684518\n|switch|p2a: Tapu Koko|Tapu Koko|100/100\n|-fieldstart|move: Electric Terrain|[from] ability: Electric Surge|[of] p2a: Tapu Koko\n|turn|6\n|\n|t:|1789684522\n|-end|p1a: Espeon|Dynamax\n|-heal|p1a: Espeon|46/100|[silent]\n|switch|p1a: Clodsire|Clodsire|100/100\n|move|p2a: Tapu Koko|Thunderbolt|p1a: Clodsire\n|-immune|p1a: Clodsire\n|\n|-weather|Snowscape|[upkeep]\n|upkeep\n|turn|7\n|\n|t:|1789684526\n|move|p2a: Tapu Koko|U-turn|p1a: Clodsire\n|-resisted|p1a: Clodsire\n|-damage|p1a: Clodsire|91/100\n|\n|t:|1789684530\n|switch|p2a: Haxorus|Haxorus|100/100|[from] U-turn\n|-ability|p2a: Haxorus|Mold Breaker\n|move|p1a: Clodsire|Earthquake|p2a: Haxorus\n|-damage|p2a: Haxorus|69/100\n|\n|-weather|Snowscape|[upkeep]\n|upkeep\n|turn|8\n|\n|t:|1789684532\n|switch|p1a: Glaceon|Glaceon|100/100\n|move|p2a: Haxorus|Earthquake|p1a: Glaceon\n|-damage|p1a: Glaceon|72/100\n|\n|-weather|none\n|upkeep\n|turn|9\n|\n|t:|1789684538\n|move|p2a: Haxorus|Iron Head|p1a: Glaceon\n|-supereffective|p1a: Glaceon\n|-damage|p1a: Glaceon|4/100\n|move|p1a: Glaceon|Blizzard|p2a: Haxorus|[miss]\n|-miss|p1a: Glaceon|p2a: Haxorus\n|\n|upkeep\n|turn|10\n|\n|t:|1789684543\n|move|p2a: Haxorus|Scale Shot|p1a: Glaceon\n|-damage|p1a: Glaceon|0 fnt\n|faint|p1a: Glaceon\n|-hitcount|p1: Glaceon|1\n|-unboost|p2a: Haxorus|def|1\n|-boost|p2a: Haxorus|spe|1\n|\n|upkeep\n|\n|t:|1789684543\n|switch|p1a: Sinistcha|Sinistcha-Masterpiece|100/100\n|turn|11\n|\n|t:|1789684548\n|move|p2a: Haxorus|Hone Claws|p2a: Haxorus\n|-boost|p2a: Haxorus|atk|1\n|-boost|p2a: Haxorus|accuracy|1\n|move|p1a: Sinistcha|Shadow Ball|p2a: Haxorus\n|-damage|p2a: Haxorus|20/100\n|\n|upkeep\n|turn|12\n|\n|t:|1789684564\n|move|p2a: Haxorus|Scale Shot|p1a: Sinistcha\n|-damage|p1a: Sinistcha|85/100\n|-damage|p1a: Sinistcha|70/100\n|-damage|p1a: Sinistcha|56/100\n|-damage|p1a: Sinistcha|41/100\n|-hitcount|p1a: Sinistcha|4\n|-unboost|p2a: Haxorus|def|1\n|-boost|p2a: Haxorus|spe|1\n|move|p1a: Sinistcha|Shadow Ball|p2a: Haxorus\n|-damage|p2a: Haxorus|0 fnt\n|faint|p2a: Haxorus\n|\n|upkeep\n|\n|t:|1789684569\n|switch|p2a: Tapu Koko|Tapu Koko|100/100\n|turn|13\n|\n|t:|1789684570\n|switch|p1a: Clodsire|Clodsire|91/100\n|move|p2a: Tapu Koko|Dazzling Gleam|p1a: Clodsire\n|-resisted|p1a: Clodsire\n|-damage|p1a: Clodsire|81/100\n|\n|-fieldend|move: Electric Terrain\n|upkeep\n|turn|14\n|\n|t:|1789684572\n|move|p2a: Tapu Koko|U-turn|p1a: Clodsire\n|-resisted|p1a: Clodsire\n|-damage|p1a: Clodsire|73/100\n|\n|t:|1789684574\n|switch|p2a: Pawmot|Pawmot|100/100|[from] U-turn\n|move|p1a: Clodsire|Earthquake|p2a: Pawmot\n|-supereffective|p2a: Pawmot\n|-damage|p2a: Pawmot|13/100\n|\n|upkeep\n|turn|15\n|\n|t:|1789684577\n|move|p2a: Pawmot|Revival Blessing|p2a: Pawmot\n|\n|t:|1789684582\n|-heal|p2: Glaceon|50/100|[from] move: Revival Blessing\n|move|p1a: Clodsire|Earthquake|p2a: Pawmot\n|-supereffective|p2a: Pawmot\n|-damage|p2a: Pawmot|0 fnt\n|faint|p2a: Pawmot\n|\n|upkeep\n|\n|t:|1789684585\n|switch|p2a: Glaceon|Glaceon|50/100\n|-weather|Snowscape|[from] ability: Diamond Dust|[of] p2a: Glaceon\n|turn|16\n|\n|t:|1789684587\n|switch|p1a: Ninetales|Ninetales-Alola|100/100\n|move|p2a: Glaceon|Blizzard|p1a: Ninetales\n|-resisted|p1a: Ninetales\n|-damage|p1a: Ninetales|58/100\n|\n|-weather|Snowscape|[upkeep]\n|upkeep\n|turn|17\n|\n|t:|1789684589\n|move|p2a: Glaceon|Blizzard|p1a: Ninetales\n|-resisted|p1a: Ninetales\n|-damage|p1a: Ninetales|10/100\n|move|p1a: Ninetales|Freeze-Dry|p2a: Glaceon\n|-resisted|p2a: Glaceon\n|-damage|p2a: Glaceon|36/100\n|\n|-weather|Snowscape|[upkeep]\n|upkeep\n|turn|18\n|\n|t:|1789684592\n|move|p2a: Glaceon|Blizzard|p1a: Ninetales\n|-resisted|p1a: Ninetales\n|-damage|p1a: Ninetales|0 fnt\n|faint|p1a: Ninetales\n|\n|-weather|Snowscape|[upkeep]\n|upkeep\n|\n|t:|1789684592\n|switch|p1a: Espeon|Espeon|79/100\n|turn|19\n|\n|t:|1789684594\n|move|p2a: Glaceon|Blizzard|p1a: Espeon\n|-damage|p1a: Espeon|0 fnt\n|faint|p1a: Espeon\n|\n|-weather|Snowscape|[upkeep]\n|upkeep\n|\n|t:|1789684594\n|switch|p1a: Clodsire|Clodsire|73/100\n|turn|20\n|\n|t:|1789684596\n|move|p2a: Glaceon|Blizzard|p1a: Clodsire\n|-supereffective|p1a: Clodsire\n|-damage|p1a: Clodsire|0 fnt\n|faint|p1a: Clodsire\n|\n|-weather|none\n|upkeep\n|\n|t:|1789684596\n|switch|p1a: Sinistcha|Sinistcha-Masterpiece|41/100\n|turn|21\n|\n|t:|1789684599\n|switch|p2a: Tapu Koko|Tapu Koko|100/100\n|-fieldstart|move: Electric Terrain|[from] ability: Electric Surge|[of] p2a: Tapu Koko\n|move|p1a: Sinistcha|Matcha Gotcha|p2a: Tapu Koko|[miss]\n|-miss|p1a: Sinistcha|p2a: Tapu Koko\n|\n|upkeep\n|turn|22\n|\n|t:|1789684601\n|move|p2a: Tapu Koko|Dazzling Gleam|p1a: Sinistcha\n|-damage|p1a: Sinistcha|0 fnt\n|faint|p1a: Sinistcha\n|\n|win|TheRealWhimsicott\n",
	"inputlog": ">start {\"formatid\":\"gen9rpou\",\"seed\":\"sodium,e894f522a6f1261acefbf839d2702b35\",\"rated\":\"Rated battle\"}\n>player p1 {\"name\":\"Bunny Stockfish\",\"avatar\":\"bunny.png\",\"team\":\"Clodsire||HeavyDutyBoots|Unaware|Earthquake,Recover,Toxic,StealthRock|Careful|248,,8,,252,|N||||,,,,,Steel]Simipour||ElementalBanana|TidalSurge|TorrentRush,Uturn,FlipTurn,Liquidation|Jolly|,252,,,4,252|N||||,,,,,Water]Glaceon||LifeOrb|DiamondDust|Blizzard,EarthPower,SparkScamper,FreezeDry|Timid|,,,252,4,252|N||||,,,,,Ice]Ninetales|NinetalesAlola|LightClay|SnowWarning|AuroraVeil,Encore,FreezeDry,Snowscape|Timid|252,,4,,,252|N||||,,,,,Ghost]Sinistcha|SinistchaMasterpiece|HeavyDutyBoots|Heatproof|CalmMind,MatchaGotcha,ShadowBall,StrengthSap|Bold|252,,252,,4,|N||||,,,,,Poison]Espeon||LifeOrb|Prescience|Psychic,AlluringVoice,ShadowBall,CalmMind|Timid|,,,252,4,252|N||||,,,,,Fairy\",\"rating\":1332}\n>player p2 {\"name\":\"TheRealWhimsicott\",\"avatar\":\"1\",\"team\":\"Kingambit||BlackGlasses|SupremeOverlord|KnockOff,LowKick,SuckerPunch,SwordsDance|Adamant|252,252,,,4,|N||||,,,,,Dark]Haxorus||LoadedDice|MoldBreaker|HoneClaws,ScaleShot,Earthquake,IronHead|Jolly|4,252,,,,252|N||||,,,,,Steel]Pawmot||ChoiceBand|IronFist|RevivalBlessing,SparkScamper,CloseCombat,DoubleShock|Jolly|4,252,,,,252|N||||,,,,,Electric]Glaceon||ChoiceSpecs|DiamondDust|EarthPower,FreezeDry,FocusBlast,Blizzard|Modest|,,,252,4,252|N|,0,,,,|||,,,,,Ice]Tapu Koko||TerrainExtender|ElectricSurge|Uturn,Roost,Thunderbolt,DazzlingGleam|Timid|4,,,252,,252|N||||,,,,,Electric]Corviknight||Leftovers|Pressure|Roost,Uturn,Protect,Defog|Impish|252,,252,,4,|N||||,,,,,Flying\",\"rating\":1321}\n>chat ☆Bunny Stockfish|Good luck! Playing on **stockfish**.\n>p1 team 2, 6, 4, 3, 5, 1\n>p2 team 4, 2, 3, 1, 5, 6\n>p1 move liquidation terastallize\n>p2 switch 6\n>p1 move liquidation\n>p2 move protect\n>p1 move liquidation\n>p2 move uturn\n>p2 switch 6\n>p1 move liquidation\n>p2 move freezedry terastallize\n>p1 switch 2\n>p1 move psychic dynamax\n>p2 move freezedry\n>p2 switch 5\n>p1 switch 6\n>p2 move thunderbolt\n>p1 move earthquake\n>p2 move uturn\n>p2 switch 2\n>p1 switch 4\n>p2 move earthquake\n>p1 move blizzard\n>p2 move ironhead\n>p1 move blizzard\n>p2 move scaleshot\n>p1 switch 5\n>p1 move shadowball\n>p2 move honeclaws\n>p1 move shadowball\n>p2 move scaleshot\n>p2 switch 2\n>p1 switch 4\n>p2 move dazzlinggleam\n>p1 move earthquake\n>p2 move uturn\n>p2 switch 3\n>p1 move earthquake\n>p2 move revivalblessing\n>p2 switch 5\n>p2 switch 5\n>p1 switch 3\n>p2 move blizzard\n>p1 move freezedry\n>p2 move blizzard\n>p1 move freezedry\n>p2 move blizzard\n>p1 switch 6\n>p1 move psychic\n>p2 move blizzard\n>p1 switch 3\n>p1 move earthquake\n>p2 move blizzard\n>p1 switch 4\n>p1 move matchagotcha\n>p2 switch 3\n>p1 move matchagotcha\n>p2 move dazzlinggleam",
	"uploadtime": 1789684601
}