{"id":"gen9rpbattle-1-tlc1dy","format":"[Gen 9] RP Battle","players":["SlimeQueenSamantha","TheRealWhimsicott"],"rating":null,"log":"|j|☆SlimeQueenSamantha\n|j|☆TheRealWhimsicott\n|t:|1789352118\n|gametype|singles\n|player|p1|SlimeQueenSamantha|queen.png|\n|player|p2|TheRealWhimsicott|169|\n|gen|9\n|tier|[Gen 9] RP Battle\n|clearpoke\n|poke|p1|Samantha, F|\n|poke|p1|Samantha, F|\n|poke|p2|Malamar|\n|poke|p2|Slowking-Galar|\n|poke|p2|Mew|\n|poke|p2|Raging Bolt|\n|poke|p2|Landorus-Therian, M|\n|poke|p2|Pangoro|\n|teampreview\n|\n|t:|1789352146\n|teamsize|p1|2\n|teamsize|p2|6\n|start\n|switch|p1a: Samantha|Samantha, F, shiny|100/100\n|switch|p2a: Mew|Mew|100/100\n|-transform|p1a: Samantha|p2a: Mew|[from] ability: Queen's Morph\n|-ability|p1a: Samantha|Queen's Morph|boost\n|-boost|p1a: Samantha|spe|6\n|-message|Samantha wears Mew's shape, and wears it faster.\n|-start|p1a: Samantha|ability: Queen's Morph\n|turn|1\n|\n|t:|1789352161\n|move|p1a: Samantha|Gastro Acid|p2a: Mew\n|-endability|p2a: Mew\n|move|p2a: Mew|Toxic Spikes|p1a: Samantha\n|-sidestart|p1: SlimeQueenSamantha|move: Toxic Spikes\n|\n|upkeep\n|turn|2\n|\n|t:|1789352167\n|move|p1a: Samantha|Knock Off|p2a: Mew\n|-supereffective|p2a: Mew\n|-damage|p2a: Mew|38/100\n|-enditem|p2a: Mew|Focus Sash|[from] move: Knock Off|[of] p1a: Samantha\n|move|p2a: Mew|Toxic Spikes|p1a: Samantha\n|-sidestart|p1: SlimeQueenSamantha|move: Toxic Spikes\n|\n|upkeep\n|turn|3\n|\n|t:|1789352180\n|move|p1a: Samantha|Knock Off|p2a: Mew\n|-supereffective|p2a: Mew\n|-damage|p2a: Mew|0 fnt\n|faint|p2a: Mew\n|\n|upkeep\n|\n|t:|1789352190\n|switch|p2a: Raging Bolt|Raging Bolt|100/100\n|turn|4\n|\n|t:|1789352218\n|move|p1a: Samantha|Toxic Spikes|p2a: Raging Bolt\n|-sidestart|p2: TheRealWhimsicott|move: Toxic Spikes\n|move|p2a: Raging Bolt|Calm Mind|p2a: Raging Bolt\n|-boost|p2a: Raging Bolt|spa|1\n|-boost|p2a: Raging Bolt|spd|1\n|\n|upkeep\n|turn|5\n|\n|t:|1789352224\n|move|p1a: Samantha|Toxic Spikes|p2a: Raging Bolt\n|-sidestart|p2: TheRealWhimsicott|move: Toxic Spikes\n|move|p2a: Raging Bolt|Calm Mind|p2a: Raging Bolt\n|-boost|p2a: Raging Bolt|spa|1\n|-boost|p2a: Raging Bolt|spd|1\n|\n|upkeep\n|turn|6\n|\n|t:|1789352230\n|switch|p1a: Samantha|Samantha, F, shiny|100/100\n|-status|p1a: Samantha|tox\n|-ability|p1a: Samantha|Queen Wrath\n|-message|Samantha holds court: doubled power, no abilities in her way, and nothing moves before her.\n|move|p2a: Raging Bolt|Calm Mind|p2a: Raging Bolt\n|-boost|p2a: Raging Bolt|spa|1\n|-boost|p2a: Raging Bolt|spd|1\n|\n|-message|Samantha pays no attention to tox.\n|upkeep\n|turn|7\n|\n|t:|1789352245\n|-start|p2a: Raging Bolt|Dynamax|\n|-heal|p2a: Raging Bolt|100/100|[silent]\n|move|p1a: Samantha|Queen's Dance|p1a: Samantha\n|-boost|p1a: Samantha|atk|6\n|-boost|p1a: Samantha|def|6\n|-boost|p1a: Samantha|spa|6\n|-boost|p1a: Samantha|spd|6\n|-boost|p1a: Samantha|spe|6\n|move|p2a: Raging Bolt|Max Lightning|p1a: Samantha\n|-message|Samantha is unharmed - the blow barely lands.\n|-damage|p1a: Samantha|95/100 tox\n|-fieldstart|move: Electric Terrain\n|\n|-message|Samantha pays no attention to tox.\n|upkeep\n|turn|8\n|\n|t:|1789352256\n|move|p1a: Samantha|Queen's Heal|p1a: Samantha\n|-heal|p1a: Samantha|100/100 tox\n|-curestatus|p1a: Samantha|tox|[msg]\n|move|p2a: Raging Bolt|Max Lightning|p1a: Samantha\n|-message|Samantha is unharmed - the blow barely lands.\n|-damage|p1a: Samantha|94/100\n|\n|upkeep\n|turn|9\n|\n|t:|1789352263\n|move|p1a: Samantha|Queen Beam|p2a: Raging Bolt\n|-supereffective|p2a: Raging Bolt\n|-damage|p2a: Raging Bolt|0 fnt\n|faint|p2a: Raging Bolt\n|-end|p2a: Raging Bolt|Protosynthesis|[silent]\n|\n|upkeep\n|\n|t:|1789352268\n|switch|p2a: Slowking|Slowking-Galar|100/100\n|-sideend|p2: TheRealWhimsicott|move: Toxic Spikes|[of] p2a: Slowking\n|turn|10\n|\n|t:|1789352271\n|move|p1a: Samantha|Queen Beam|p2a: Slowking\n|-damage|p2a: Slowking|0 fnt\n|faint|p2a: Slowking\n|\n|upkeep\n|\n|t:|1789352274\n|switch|p2a: Malamar|Malamar|100/100\n|turn|11\n|\n|t:|1789352276\n|move|p1a: Samantha|Queen Beam|p2a: Malamar\n|-supereffective|p2a: Malamar\n|-enditem|p2a: Malamar|Focus Sash\n|-damage|p2a: Malamar|1/100\n|move|p2a: Malamar|Topsy-Turvy|p1a: Samantha\n|-invertboost|p1a: Samantha|[from] move: Topsy-Turvy\n|\n|-fieldend|move: Electric Terrain\n|upkeep\n|turn|12\n|\n|t:|1789352284\n|switch|p2a: Joltee|Pangoro|100/100\n|-ability|p2a: Joltee|Mold Breaker\n|move|p1a: Samantha|Queen's Heal|p1a: Samantha\n|-heal|p1a: Samantha|100/100\n|\n|upkeep\n|turn|13\n|\n|t:|1789352319\n|move|p1a: Samantha|Queen's Dance|p1a: Samantha\n|-boost|p1a: Samantha|atk|12\n|-boost|p1a: Samantha|def|12\n|-boost|p1a: Samantha|spa|12\n|-boost|p1a: Samantha|spd|12\n|-boost|p1a: Samantha|spe|12\n|move|p2a: Joltee|Endeavor|p1a: Samantha\n|-damage|p1a: Samantha|48/100\n|\n|upkeep\n|turn|14\n|\n|t:|1789352329\n|move|p1a: Samantha|Queen's Heal|p1a: Samantha\n|-heal|p1a: Samantha|100/100\n|move|p2a: Joltee|Endeavor|p1a: Samantha\n|-damage|p1a: Samantha|48/100\n|\n|upkeep\n|turn|15\n|\n|t:|1789352333\n|move|p1a: Samantha|Queen's Heal|p1a: Samantha\n|-heal|p1a: Samantha|100/100\n|move|p2a: Joltee|Endeavor|p1a: Samantha\n|-damage|p1a: Samantha|48/100\n|\n|upkeep\n|turn|16\n|\n|t:|1789352339\n|move|p1a: Samantha|Queen's Heal|p1a: Samantha\n|-heal|p1a: Samantha|100/100\n|move|p2a: Joltee|Knock Off|p1a: Samantha\n|-resisted|p1a: Samantha\n|-message|Samantha is unharmed - the blow barely lands.\n|-damage|p1a: Samantha|99/100\n|-enditem|p1a: Samantha|Light Ball|[from] move: Knock Off|[of] p2a: Joltee\n|\n|upkeep\n|turn|17\n|c|☆SlimeQueenSamantha|i got 48 to go\n|\n|t:|1789352346\n|move|p1a: Samantha|Queen's Heal|p1a: Samantha\n|-heal|p1a: Samantha|100/100\n|move|p2a: Joltee|Storm Throw|p1a: Samantha\n|-crit|p1a: Samantha\n|-message|Samantha is unharmed - the blow barely lands.\n|-damage|p1a: Samantha|94/100\n|\n|upkeep\n|turn|18\n|\n|t:|1789352351\n|move|p1a: Samantha|Queen Beam|p2a: Joltee\n|-enditem|p2a: Joltee|Focus Sash\n|-damage|p2a: Joltee|1/100\n|move|p2a: Joltee|Endeavor|p1a: Samantha\n|-damage|p1a: Samantha|1/100\n|\n|upkeep\n|turn|19\n|\n|t:|1789352357\n|move|p2a: Joltee|Bullet Punch||[still]\n|cant|p1a: Samantha|ability: Queen Wrath|Bullet Punch|[of] p2a: Joltee\n|move|p1a: Samantha|Queen's Heal|p1a: Samantha\n|-heal|p1a: Samantha|100/100\n|\n|upkeep\n|turn|20\n|\n|t:|1789352361\n|move|p1a: Samantha|Queen Beam|p2a: Joltee\n|-damage|p2a: Joltee|0 fnt\n|faint|p2a: Joltee\n|\n|upkeep\n|c|☆SlimeQueenSamantha|xDDDDDDDDD\n|\n|t:|1789352387\n|switch|p2a: Landorus|Landorus-Therian, M|100/100\n|-ability|p2a: Landorus|Intimidate|boost\n|-unboost|p1a: Samantha|atk|1\n|turn|21\n|\n|t:|1789352414\n|-terastallize|p2a: Landorus|Ground\n|move|p1a: Samantha|Queen Beam|p2a: Landorus\n|-damage|p2a: Landorus|0 fnt\n|faint|p2a: Landorus\n|\n|upkeep\n|\n|t:|1789352429\n|switch|p2a: Malamar|Malamar|1/100\n|turn|22\n|\n|t:|1789352461\n|-start|p1a: Samantha|Dynamax|\n|-heal|p1a: Samantha|100/100|[silent]\n|move|p1a: Samantha|Max Strike|p2a: Malamar\n|-damage|p2a: Malamar|0 fnt\n|faint|p2a: Malamar\n|\n|win|SlimeQueenSamantha\n|c|☆SlimeQueenSamantha|big queen\n|c|☆SlimeQueenSamantha|:3333\n|c|☆SlimeQueenSamantha|you did remind me tho\n|c|☆SlimeQueenSamantha|lemme add in clear body\n|c|☆SlimeQueenSamantha|i could add good as gold but its funnier to let em try\n","inputlog":">start {\"formatid\":\"gen9rpbattle\",\"seed\":\"sodium,42c429d810af4e7e54ff8345744e180b\"}\n>player p1 {\"name\":\"SlimeQueenSamantha\",\"avatar\":\"queen.png\",\"team\":\"Samantha||LightBall|QueenWrath|QueenBeam,QueensDance,QueensHeal,TeraStarstorm|Hasty|248,8,,,,252|F||S||,,,,,Stellar]Samantha||LightBall|QueensMorph|QueenBeam,QueensDance,QueensHeal,TeraStarstorm|Hasty|248,8,,,,252|F||S||,,,,,Stellar\",\"rating\":0}\n>player p2 {\"name\":\"TheRealWhimsicott\",\"avatar\":\"169\",\"team\":\"Malamar||FocusSash|Contrary|TopsyTurvy,KnockOff|Bold|252,,252,,,|N||||,,,,,Dark]Slowking|SlowkingGalar|HeavyDutyBoots|Regenerator|ChillyReception,FutureSight,SludgeBomb,Scald|Calm|252,,,4,252,|N|,0,,,,|||,,,,,Poison]Mew||FocusSash|Synchronize|GastroAcid,StealthRock,ToxicSpikes,KnockOff|Calm|252,,4,,252,|N||||,,,,,Psychic]Raging Bolt||Leftovers|Protosynthesis|Thunderclap,DragonPulse,CalmMind,Thunderbolt|Modest|252,,,252,4,|N|,20,,,,|||,,,,,Electric]Landorus|LandorusTherian|ChoiceScarf|Intimidate|StealthRock,Earthquake,KnockOff,Uturn|Jolly|,252,,,4,252|M||||,,,,,Ground]Joltee|Pangoro|FocusSash|MoldBreaker|Endeavor,BulletPunch,StormThrow,KnockOff|Adamant|,252,252,,4,|N||||,,,,,Fighting\",\"rating\":0}\n>p1 team 2, 1\n>p2 team 3, 2, 1, 4, 5, 6\n>p1 move gastroacid\n>p2 move toxicspikes\n>p1 move knockoff\n>p2 move toxicspikes\n>p1 move knockoff\n>p2 move knockoff\n>p2 switch 4\n>p1 move toxicspikes\n>p2 move calmmind\n>p1 move toxicspikes\n>p2 move calmmind\n>p1 switch 2\n>p2 move calmmind\n>p1 move queensdance\n>p2 move thunderbolt dynamax\n>p1 move queensheal\n>p2 move thunderbolt dynamax\n>p1 move queenbeam\n>p2 move thunderbolt dynamax\n>p2 switch 2\n>p1 move queenbeam\n>p2 move chillyreception\n>p2 switch 3\n>p1 move queenbeam\n>p2 move topsyturvy\n>p1 move queensheal\n>p2 switch 6\n>p1 move queensdance\n>p2 move endeavor\n>p1 move queensheal\n>p2 move endeavor\n>p1 move queensheal\n>p2 move endeavor\n>p1 move queensheal\n>p2 move knockoff\n>chat ☆SlimeQueenSamantha|i got 48 to go\n>p1 move queensheal\n>p2 move stormthrow\n>p1 move queenbeam\n>p2 move endeavor\n>p1 move queensheal\n>p2 move bulletpunch\n>p1 move queenbeam\n>p2 move endeavor\n>chat ☆SlimeQueenSamantha|xDDDDDDDDD\n>p2 switch 5\n>p1 move queenbeam\n>p2 move earthquake terastallize\n>p2 switch 6\n>p1 move terastarstorm dynamax\n>p2 move topsyturvy","uploadtime":1789352710}