{
	"id": "gen9rpou-7-tliry4",
	"format": "[Gen 9] RP OU",
	"players": [
		"Bunny Stockfish",
		"SlimeQueenSamantha"
	],
	"rating": null,
	"log": "|j|☆Bunny Stockfish\n|j|☆SlimeQueenSamantha\n|t:|1789668429\n|gametype|singles\n|player|p1|Bunny Stockfish|bunny.png|1332\n|player|p2|SlimeQueenSamantha|queen.png|1505\n|gen|9\n|tier|[Gen 9] RP OU\n|rated|\n|rule|HP Percentage Mod: HP is shown in percentages\n|rule|Endless Battle Clause: Forcing endless battles is banned\n|rule|Species Clause: Limit one of each Pokémon\n|rule|OHKO Clause: OHKO moves are banned\n|rule|Evasion Clause: Evasion abilities, items, and moves are banned\n|rule|Evasion Abilities Clause: Evasion abilities are banned\n|rule|Evasion Items Clause: Evasion items are banned\n|rule|Evasion Moves Clause: Evasion moves are banned\n|rule|Sleep Clause Mod: Limit one foe put to sleep\n|clearpoke\n|poke|p1|Garchomp|\n|poke|p1|Latios|\n|poke|p1|Cinderace|\n|poke|p1|Kingambit|\n|poke|p1|Sinistcha|\n|poke|p1|Lokix|\n|poke|p2|Spiritomb|\n|poke|p2|Glaceon|\n|poke|p2|Garchomp|\n|poke|p2|Roserade|\n|poke|p2|Togekiss|\n|poke|p2|Lucario|\n|teampreview\n|c|☆Bunny Stockfish|Good luck! Playing on **stockfish**.\n|\n|t:|1789668438\n|teamsize|p1|6\n|teamsize|p2|6\n|start\n|switch|p1a: Latios|Latios|100/100\n|switch|p2a: Garchomp|Garchomp|100/100\n|turn|1\n|\n|t:|1789668442\n|detailschange|p1a: Latios|Latios-Mega\n|-mega|p1a: Latios|Latios|Latiosite\n|move|p1a: Latios|Draco Meteor|p2a: Garchomp\n|-supereffective|p2a: Garchomp\n|-damage|p2a: Garchomp|0 fnt\n|-unboost|p1a: Latios|spa|2\n|faint|p2a: Garchomp\n|\n|upkeep\n|\n|t:|1789668449\n|switch|p2a: Roserade|Roserade|100/100\n|-ability|p2a: Roserade|Masquerade\n|-start|p1a: Latios|move: Taunt\n|turn|2\n|\n|t:|1789668452\n|move|p1a: Latios|Psychic Noise|p2a: Roserade\n|-supereffective|p2a: Roserade\n|-damage|p2a: Roserade|49/100\n|-start|p2a: Roserade|move: Heal Block\n|move|p2a: Roserade|Nasty Plot|p2a: Roserade\n|-boost|p2a: Roserade|spa|2\n|\n|upkeep\n|turn|3\n|\n|t:|1789668459\n|-start|p2a: Roserade|Dynamax|\n|-heal|p2a: Roserade|49/100|[silent]\n|move|p1a: Latios|Psychic Noise|p2a: Roserade\n|-supereffective|p2a: Roserade\n|-damage|p2a: Roserade|22/100\n|move|p2a: Roserade|Max Ooze|p1a: Latios\n|-damage|p1a: Latios|20/100\n|-boost|p2a: Roserade|spa|1\n|\n|-end|p2a: Roserade|move: Heal Block\n|upkeep\n|turn|4\n|\n|t:|1789668469\n|move|p1a: Latios|Psychic Noise|p2a: Roserade\n|-supereffective|p2a: Roserade\n|-damage|p2a: Roserade|0 fnt\n|faint|p2a: Roserade\n|\n|upkeep\n|\n|t:|1789668474\n|switch|p2a: Glaceon|Glaceon|100/100\n|-weather|Snowscape|[from] ability: Diamond Dust|[of] p2a: Glaceon\n|turn|5\n|\n|t:|1789668475\n|move|p2a: Glaceon|Blizzard|p1a: Latios\n|-supereffective|p1a: Latios\n|-damage|p1a: Latios|0 fnt\n|faint|p1a: Latios\n|detailschange|p1: Latios|Latios|[silent]\n|-damage|p2a: Glaceon|91/100|[from] item: Life Orb\n|\n|-weather|Snowscape|[upkeep]\n|upkeep\n|\n|t:|1789668475\n|switch|p1a: Cinderace|Cinderace|100/100\n|turn|6\n|\n|t:|1789668478\n|-start|p1a: Cinderace|Dynamax|\n|-heal|p1a: Cinderace|100/100|[silent]\n|move|p2a: Glaceon|Earth Power|p1a: Cinderace\n|-supereffective|p1a: Cinderace\n|-crit|p1a: Cinderace\n|-damage|p1a: Cinderace|22/100\n|-damage|p2a: Glaceon|81/100|[from] item: Life Orb\n|move|p1a: Cinderace|Max Flare|p2a: Glaceon\n|-supereffective|p2a: Glaceon\n|-damage|p2a: Glaceon|0 fnt\n|-weather|SunnyDay\n|faint|p2a: Glaceon\n|\n|-weather|SunnyDay|[upkeep]\n|upkeep\n|\n|t:|1789668482\n|switch|p2a: Togekiss|Togekiss|100/100\n|turn|7\n|\n|t:|1789668485\n|move|p2a: Togekiss|Air Slash|p1a: Cinderace\n|-damage|p1a: Cinderace|0 fnt\n|faint|p1a: Cinderace\n|\n|-weather|SunnyDay|[upkeep]\n|upkeep\n|\n|t:|1789668485\n|switch|p1a: Kingambit|Kingambit|100/100\n|-activate|p1a: Kingambit|ability: Supreme Overlord\n|-start|p1a: Kingambit|fallen2|[silent]\n|turn|8\n|\n|t:|1789668488\n|switch|p2a: Lucario|Lucario|100/100\n|move|p1a: Kingambit|Swords Dance|p1a: Kingambit\n|-boost|p1a: Kingambit|atk|2\n|\n|-weather|SunnyDay|[upkeep]\n|upkeep\n|turn|9\n|\n|t:|1789668491\n|-end|p1a: Kingambit|fallen2|[silent]\n|switch|p1a: Garchomp|Garchomp|100/100\n|detailschange|p2a: Lucario|Lucario-Mega-Z\n|-mega|p2a: Lucario|Lucario|Lucarionite Z\n|move|p2a: Lucario|Aura Sphere|p1a: Garchomp\n|-damage|p1a: Garchomp|53/100\n|\n|-weather|SunnyDay|[upkeep]\n|upkeep\n|turn|10\n|\n|t:|1789668494\n|move|p2a: Lucario|Hidden Power|p1a: Garchomp\n|-supereffective|p1a: Garchomp\n|-damage|p1a: Garchomp|0 fnt\n|faint|p1a: Garchomp\n|\n|-weather|none\n|upkeep\n|\n|t:|1789668494\n|switch|p1a: Sinistcha|Sinistcha|100/100\n|turn|11\n|\n|t:|1789668497\n|move|p2a: Lucario|Hidden Power|p1a: Sinistcha\n|-supereffective|p1a: Sinistcha\n|-damage|p1a: Sinistcha|37/100\n|move|p1a: Sinistcha|Calm Mind|p1a: Sinistcha\n|-boost|p1a: Sinistcha|spa|1\n|-boost|p1a: Sinistcha|spd|1\n|\n|upkeep\n|turn|12\n|\n|t:|1789668499\n|move|p2a: Lucario|Hidden Power|p1a: Sinistcha\n|-supereffective|p1a: Sinistcha\n|-damage|p1a: Sinistcha|0 fnt\n|faint|p1a: Sinistcha\n|\n|upkeep\n|\n|t:|1789668499\n|switch|p1a: Lokix|Lokix|100/100\n|turn|13\n|\n|t:|1789668502\n|-terastallize|p1a: Lokix|Bug\n|move|p1a: Lokix|First Impression|p2a: Lucario\n|-resisted|p2a: Lucario\n|-crit|p2a: Lucario\n|-damage|p2a: Lucario|43/100\n|move|p2a: Lucario|Aura Sphere|p1a: Lokix\n|-resisted|p1a: Lokix\n|-damage|p1a: Lokix|55/100\n|\n|upkeep\n|turn|14\n|\n|t:|1789668507\n|move|p1a: Lokix|First Impression||[still]\n|-hint|First Impression only works on your first turn out.\n|-fail|p1a: Lokix\n|move|p2a: Lucario|Flash Cannon|p1a: Lokix\n|-damage|p1a: Lokix|0 fnt\n|faint|p1a: Lokix\n|\n|upkeep\n|\n|t:|1789668507\n|switch|p1a: Kingambit|Kingambit|100/100\n|-activate|p1a: Kingambit|ability: Supreme Overlord\n|-start|p1a: Kingambit|fallen5|[silent]\n|turn|15\n|\n|t:|1789668509\n|move|p1a: Kingambit|Sucker Punch|p2a: Lucario\n|-resisted|p2a: Lucario\n|-damage|p2a: Lucario|18/100\n|move|p2a: Lucario|Aura Sphere|p1a: Kingambit\n|-supereffective|p1a: Kingambit\n|-damage|p1a: Kingambit|0 fnt\n|faint|p1a: Kingambit\n|-end|p1a: Kingambit|fallen5|[silent]\n|\n|win|SlimeQueenSamantha\n",
	"inputlog": ">start {\"formatid\":\"gen9rpou\",\"seed\":\"sodium,23260d628c4d8a0ac23c1fecb584accb\",\"rated\":\"Rated battle\"}\n>player p1 {\"name\":\"Bunny Stockfish\",\"avatar\":\"bunny.png\",\"team\":\"Garchomp||RockyHelmet|RoughSkin|Earthquake,DragonTail,StealthRock,Spikes|Impish|252,,216,,,40|N||||,,,,,Steel]Latios||Latiosite|Levitate|DracoMeteor,PsychicNoise,AuraSphere,Recover|Timid|,,4,252,,252|N||||,,,,,Steel]Cinderace||HeavyDutyBoots|Libero|PyroBall,Uturn,CourtChange,WillOWisp|Jolly|224,32,,,,252|N||||,,,,,Ghost]Kingambit||LumBerry|SupremeOverlord|SwordsDance,SuckerPunch,KowtowCleave,CarrionFeast|Adamant|,252,4,,,252|N||||,,,,,Dark]Sinistcha||HeavyDutyBoots|Heatproof|CalmMind,MatchaGotcha,ShadowBall,StrengthSap|Bold|252,,252,,4,|N||||,,,,,Fairy]Lokix||ChoiceBand|TintedLens|FirstImpression,Uturn,HiveFrenzy,LeechLife|Adamant|,252,4,,,252|N||||,,,,,Bug\",\"rating\":1332}\n>player p2 {\"name\":\"SlimeQueenSamantha\",\"avatar\":\"queen.png\",\"team\":\"Spiritomb||Leftovers|KeystoneLegion|SoulToll,StrengthSap,PartingShot,WillOWisp|Calm|252,,4,,252,|N||||,,,,,Fairy]Glaceon||LifeOrb|DiamondDust|Blizzard,FreezeDry,AuroraVeil,EarthPower|Modest|,,4,252,,252|N|,0,,,,|||,,,,,Ice]Garchomp||RockyHelmet|RoughSkin|Earthquake,DragonTail,StealthRock,Spikes|Impish|252,,216,,,40|N||||,,,,,Ghost]Roserade||HeavyDutyBoots|Masquerade|ThornedBouquet,Oxidize,NastyPlot,MortalSpin|Timid|,,,252,4,252|N||||,,,,,Water]Togekiss||ChoiceScarf|SereneGrace|AirSlash,Uturn,AlluringVoice,Flamethrower|Timid|,,,252,4,252|N||||,,,,,Flying]Lucario||LucarioniteZ|Steadfast|NastyPlot,AuraSphere,FlashCannon,HiddenPowerIce|Timid|,,,252,,252|N|,0,,,,|||,Ice,,,,Ghost\",\"rating\":1505}\n>chat ☆Bunny Stockfish|Good luck! Playing on **stockfish**.\n>p1 team 2, 3, 6, 1, 4, 5\n>p2 team 3, 2, 1, 4, 5, 6\n>p1 move dracometeor mega\n>p2 move stealthrock\n>p2 switch 4\n>p1 move psychicnoise\n>p2 move nastyplot\n>p1 move psychicnoise\n>p2 move oxidize dynamax\n>p1 move psychicnoise\n>p2 move oxidize dynamax\n>p2 switch 2\n>p1 move dracometeor\n>p2 move blizzard\n>p1 switch 2\n>p1 move pyroball dynamax\n>p2 move earthpower\n>p2 switch 5\n>p1 move pyroball dynamax\n>p2 move airslash\n>p1 switch 5\n>p1 move swordsdance\n>p2 switch 6\n>p1 switch 4\n>p2 move aurasphere mega\n>p1 move earthquake\n>p2 move hiddenpower\n>p1 switch 6\n>p1 move calmmind\n>p2 move hiddenpower\n>p1 move shadowball\n>p2 move hiddenpower\n>p1 switch 3\n>p1 move firstimpression terastallize\n>p2 move aurasphere\n>p1 move firstimpression\n>p2 move flashcannon\n>p1 switch 4\n>p1 move suckerpunch\n>p2 move aurasphere",
	"uploadtime": 1789668509
}