{
	"id": "gen9rpou-2-tlvuiv",
	"format": "[Gen 9] RP OU",
	"players": [
		"Bunny Stockfish",
		"SlimeQueenSamantha"
	],
	"rating": null,
	"log": "|j|☆Bunny Stockfish\n|j|☆SlimeQueenSamantha\n|t:|1790277902\n|gametype|singles\n|badge|p1|bronze|gen9rpou|3-3\n|badge|p2|silver|gen9rpou|2-2\n|player|p1|Bunny Stockfish|bunny.png|1346\n|player|p2|SlimeQueenSamantha|queen.png|1455\n|gen|9\n|tier|[Gen 9] RP OU\n|rated|\n|rule|HP Percentage Mod: HP is shown in percentages\n|rule|Endless Battle Clause: Forcing endless battles is banned\n|rule|Species Clause: Limit one of each Pokémon\n|rule|OHKO Clause: OHKO moves are banned\n|rule|Evasion Clause: Evasion abilities, items, and moves are banned\n|rule|Evasion Abilities Clause: Evasion abilities are banned\n|rule|Evasion Items Clause: Evasion items are banned\n|rule|Evasion Moves Clause: Evasion moves are banned\n|rule|Sleep Clause Mod: Limit one foe put to sleep\n|clearpoke\n|poke|p1|Gholdengo|\n|poke|p1|Haxorus|\n|poke|p1|Enamorus|\n|poke|p1|Roserade|\n|poke|p1|Ursaluna-Bloodmoon|\n|poke|p1|Landorus-Therian|\n|poke|p2|Banette, F|\n|poke|p2|Ursaluna-Bloodmoon, M|\n|poke|p2|Magearna|\n|poke|p2|Hatterene, F|\n|poke|p2|Kingambit|\n|poke|p2|Stakataka|\n|teampreview\n|c|☆Bunny Stockfish|Good luck! Playing on **stockfish**.\n|\n|t:|1790277905\n|teamsize|p1|6\n|teamsize|p2|6\n|start\n|switch|p1a: Landorus|Landorus-Therian|100/100\n|switch|p2a: Banette|Banette, F, shiny|100/100\n|-ability|p1a: Landorus|Intimidate|boost\n|-unboost|p2a: Banette|atk|1\n|-item|p1a: Landorus|Rocky Helmet|[from] ability: Frisk|[of] p2a: Banette\n|turn|1\n|\n|t:|1790277908\n|detailschange|p2a: Banette|Banette-Mega-Halloween, F, shiny\n|-mega|p2a: Banette|Banette|Banettite-Halloween\n|-ability|p2a: Banette|Witching Hour\n|-message|The Witching Hour has struck! Banette's tricks can't be stopped, not even by Dark types!\n|-message|Banette's Poltergeist became Witch's Snatch!\n|move|p2a: Banette|Twilight Exit|p2a: Banette\n|-fieldstart|move: Trick Room|[of] p2a: Banette\n|\n|t:|1790277915\n|switch|p2a: Ursaluna|Ursaluna-Bloodmoon, M|100/100|[from] Twilight Exit\n|move|p1a: Landorus|Earthquake|p2a: Ursaluna\n|-damage|p2a: Ursaluna|71/100\n|\n|-heal|p2a: Ursaluna|77/100|[from] item: Leftovers\n|upkeep\n|turn|2\n|\n|t:|1790277917\n|move|p2a: Ursaluna|Calm Mind|p2a: Ursaluna\n|-boost|p2a: Ursaluna|spa|1\n|-boost|p2a: Ursaluna|spd|1\n|move|p1a: Landorus|Earthquake|p2a: Ursaluna\n|-damage|p2a: Ursaluna|47/100\n|\n|-heal|p2a: Ursaluna|54/100|[from] item: Leftovers\n|upkeep\n|turn|3\n|\n|t:|1790277919\n|-start|p1a: Landorus|Dynamax|\n|-heal|p1a: Landorus|100/100|[silent]\n|move|p2a: Ursaluna|Blood Moon|p1a: Landorus\n|-damage|p1a: Landorus|32/100\n|move|p1a: Landorus|Max Quake|p2a: Ursaluna\n|-damage|p2a: Ursaluna|14/100\n|-boost|p1a: Landorus|spd|1\n|\n|-heal|p2a: Ursaluna|20/100|[from] item: Leftovers\n|upkeep\n|turn|4\n|\n|t:|1790277922\n|move|p2a: Ursaluna|Hyper Voice|p1a: Landorus\n|-damage|p1a: Landorus|5/100\n|move|p1a: Landorus|Max Quake|p2a: Ursaluna\n|-damage|p2a: Ursaluna|0 fnt\n|-boost|p1a: Landorus|spd|1\n|faint|p2a: Ursaluna\n|\n|upkeep\n|\n|t:|1790277926\n|switch|p2a: Banette|Banette-Mega-Halloween, F, shiny|100/100\n|-ability|p2a: Banette|Witching Hour\n|-message|The Witching Hour has struck! Banette's tricks can't be stopped, not even by Dark types!\n|turn|5\n|\n|t:|1790277928\n|move|p2a: Banette|Witch's Snatch|p1a: Landorus\n|-damage|p1a: Landorus|0 fnt\n|-damage|p2a: Banette|84/100|[from] item: Rocky Helmet|[of] p1a: Landorus\n|-enditem|p1a: Landorus|Rocky Helmet|[from] move: Witch's Snatch|[of] p2a: Banette\n|faint|p1a: Landorus\n|\n|-fieldend|move: Trick Room\n|upkeep\n|\n|t:|1790277929\n|switch|p1a: Haxorus|Haxorus|100/100\n|-ability|p1a: Haxorus|Mold Breaker\n|turn|6\n|\n|t:|1790277934\n|move|p1a: Haxorus|Outrage|p2a: Banette\n|-damage|p2a: Banette|0 fnt\n|faint|p2a: Banette\n|detailschange|p2: Banette|Banette, F, shiny|[silent]\n|\n|upkeep\n|\n|t:|1790277937\n|switch|p2a: Magearna|Magearna|100/100\n|turn|7\n|\n|t:|1790277939\n|move|p1a: Haxorus|Outrage|p2a: Magearna|[from] lockedmove\n|-immune|p2a: Magearna\n|move|p2a: Magearna|Trick Room|p2a: Magearna\n|-fieldstart|move: Trick Room|[of] p2a: Magearna\n|\n|upkeep\n|turn|8\n|\n|t:|1790277941\n|-terastallize|p1a: Haxorus|Poison\n|move|p2a: Magearna|Fleur Cannon|p1a: Haxorus\n|-resisted|p1a: Haxorus\n|-damage|p1a: Haxorus|47/100\n|-unboost|p2a: Magearna|spa|2\n|move|p1a: Haxorus|Close Combat|p2a: Magearna\n|-damage|p2a: Magearna|59/100\n|-unboost|p1a: Haxorus|def|1\n|-unboost|p1a: Haxorus|spd|1\n|\n|-heal|p2a: Magearna|65/100|[from] item: Leftovers\n|upkeep\n|turn|9\n|\n|t:|1790277944\n|move|p2a: Magearna|Volt Switch|p1a: Haxorus\n|-damage|p1a: Haxorus|12/100\n|\n|t:|1790277948\n|switch|p2a: Kingambit|Kingambit|100/100|[from] Volt Switch\n|-activate|p2a: Kingambit|ability: Supreme Overlord\n|-start|p2a: Kingambit|fallen2|[silent]\n|move|p1a: Haxorus|Close Combat|p2a: Kingambit\n|-supereffective|p2a: Kingambit\n|-damage|p2a: Kingambit|0 fnt\n|-unboost|p1a: Haxorus|def|1\n|-unboost|p1a: Haxorus|spd|1\n|faint|p2a: Kingambit\n|-end|p2a: Kingambit|fallen2|[silent]\n|\n|upkeep\n|\n|t:|1790277954\n|switch|p2a: Stakataka|Stakataka|100/100\n|turn|10\n|\n|t:|1790277956\n|move|p2a: Stakataka|Gyro Ball|p1a: Haxorus\n|-damage|p1a: Haxorus|0 fnt\n|faint|p1a: Haxorus\n|-ability|p2a: Stakataka|Beast Boost|boost\n|-boost|p2a: Stakataka|atk|1\n|-damage|p2a: Stakataka|91/100|[from] item: Life Orb\n|\n|upkeep\n|\n|t:|1790277956\n|switch|p1a: Ursaluna|Ursaluna-Bloodmoon|100/100\n|turn|11\n|\n|t:|1790277958\n|move|p2a: Stakataka|Gyro Ball|p1a: Ursaluna\n|-damage|p1a: Ursaluna|7/100\n|-damage|p2a: Stakataka|81/100|[from] item: Life Orb\n|move|p1a: Ursaluna|Headlong Rush|p2a: Stakataka\n|-supereffective|p2a: Stakataka\n|-damage|p2a: Stakataka|0 fnt\n|-unboost|p1a: Ursaluna|def|1\n|-unboost|p1a: Ursaluna|spd|1\n|faint|p2a: Stakataka\n|\n|-fieldend|move: Trick Room\n|-status|p1a: Ursaluna|brn|[from] item: Flame Orb\n|upkeep\n|\n|t:|1790277980\n|switch|p2a: Hatterene|Hatterene, F|100/100\n|turn|12\n|\n|t:|1790277982\n|switch|p1a: Gholdengo|Gholdengo|100/100\n|move|p2a: Hatterene|Trick Room|p2a: Hatterene\n|-fieldstart|move: Trick Room|[of] p2a: Hatterene\n|\n|upkeep\n|turn|13\n|\n|t:|1790277988\n|switch|p2a: Magearna|Magearna|65/100\n|move|p1a: Gholdengo|Make It Rain|p2a: Magearna\n|-damage|p2a: Magearna|16/100\n|-unboost|p1a: Gholdengo|spa|1\n|\n|-heal|p2a: Magearna|22/100|[from] item: Leftovers\n|upkeep\n|turn|14\n|\n|t:|1790277990\n|move|p2a: Magearna|Flash Cannon|p1a: Gholdengo\n|-resisted|p1a: Gholdengo\n|-damage|p1a: Gholdengo|73/100\n|move|p1a: Gholdengo|Make It Rain|p2a: Magearna\n|-damage|p2a: Magearna|0 fnt\n|-unboost|p1a: Gholdengo|spa|1\n|faint|p2a: Magearna\n|\n|upkeep\n|\n|t:|1790277992\n|switch|p2a: Hatterene|Hatterene, F|100/100\n|turn|15\n|\n|t:|1790277995\n|-start|p2a: Hatterene|Dynamax|\n|-heal|p2a: Hatterene|100/100|[silent]\n|move|p2a: Hatterene|Max Mindstorm|p1a: Gholdengo\n|-resisted|p1a: Gholdengo\n|-damage|p1a: Gholdengo|26/100\n|-fieldstart|move: Psychic Terrain\n|move|p1a: Gholdengo|Make It Rain|p2a: Hatterene\n|-supereffective|p2a: Hatterene\n|-damage|p2a: Hatterene|64/100\n|-unboost|p1a: Gholdengo|spa|1\n|\n|upkeep\n|turn|16\n|\n|t:|1790277997\n|switch|p1a: Roserade|Roserade|100/100\n|-ability|p1a: Roserade|Masquerade\n|-start|p2a: Hatterene|move: Taunt\n|move|p2a: Hatterene|Max Mindstorm|p1a: Roserade\n|-supereffective|p1a: Roserade\n|-damage|p1a: Roserade|0 fnt\n|faint|p1a: Roserade\n|\n|-fieldend|move: Trick Room\n|upkeep\n|\n|t:|1790277997\n|switch|p1a: Gholdengo|Gholdengo|26/100\n|turn|17\n|\n|t:|1790277999\n|move|p1a: Gholdengo|Make It Rain|p2a: Hatterene\n|-supereffective|p2a: Hatterene\n|-damage|p2a: Hatterene|2/100\n|-unboost|p1a: Gholdengo|spa|1\n|move|p2a: Hatterene|Max Mindstorm|p1a: Gholdengo\n|-resisted|p1a: Gholdengo\n|-damage|p1a: Gholdengo|0 fnt\n|faint|p1a: Gholdengo\n|\n|upkeep\n|\n|t:|1790277999\n|switch|p1a: Enamorus|Enamorus|100/100\n|-end|p2a: Hatterene|Dynamax\n|-heal|p2a: Hatterene|2/100|[silent]\n|turn|18\n|\n|t:|1790278001\n|move|p1a: Enamorus|Moonblast|p2a: Hatterene\n|-damage|p2a: Hatterene|0 fnt\n|faint|p2a: Hatterene\n|-damage|p1a: Enamorus|91/100|[from] item: Life Orb\n|\n|win|Bunny Stockfish\n",
	"inputlog": ">start {\"formatid\":\"gen9rpou\",\"seed\":\"sodium,330fab76128e305c0129f39141817271\",\"rated\":\"Rated battle\"}\n>player p1 {\"name\":\"Bunny Stockfish\",\"avatar\":\"bunny.png\",\"team\":\"Gholdengo||ChoiceScarf|GoodasGold|ShadowBall,MakeItRain,HiddenPower,FlashCannon|Timid|,,,252,4,252|N||||,Dark,,,,Steel]Haxorus||LoadedDice|MoldBreaker|Outrage,CloseCombat,ScaleShot,FirstImpression|Jolly|,252,4,,,252|N||||,,,,,Poison]Enamorus||LifeOrb|Contrary|Substitute,Moonblast,EarthPower,DrainingKiss|Timid|,,,252,4,252|N|,0,,,,|||,,,,,Fairy]Roserade||Leftovers|Masquerade|ThornedBouquet,SludgeBomb,SolarNectar,Spikes|Timid|,,,252,4,252|N|,0,,,,|||,,,,,Grass]Ursaluna|UrsalunaBloodmoon|FlameOrb|MindsEye|Facade,HeadlongRush,IcePunch,SwordsDance|Adamant|248,252,8,,,|N||||,,,,,Ghost]Landorus|LandorusTherian|RockyHelmet|Intimidate|StealthRock,Earthquake,Uturn,Taunt|Jolly|252,,4,,,252|N||||,,,,,Ghost\",\"rating\":1346}\n>player p2 {\"name\":\"SlimeQueenSamantha\",\"avatar\":\"queen.png\",\"team\":\"Banette||BanettiteHalloween|Frisk|Poltergeist,ShadowSneak,DestinyBond,twilightexit|Adamant|4,252,,,,252|F||S||,,,,,Ghost]Ursaluna|UrsalunaBloodmoon|Leftovers|MindsEye|CalmMind,BloodMoon,HyperVoice,EarthPower|Modest|252,,4,252,,|M||||,,,,,Normal]Magearna||Leftovers|SoulHeart|TrickRoom,VoltSwitch,FleurCannon,FlashCannon|Quiet|252,,,252,4,|N|,0,,,,|||,,,,,Steel]Hatterene||FocusSash|MagicBounce|TrickRoom,PsychicNoise,DazzlingGleam,HealingWish|Quiet|252,,4,252,,|F|,0,,,,0|||,,,,,Water]Kingambit||Leftovers|SupremeOverlord|KnockOff,SuckerPunch,IronHead,SwordsDance|Adamant|252,252,,,4,|N||||,,,,,Dark]Stakataka||LifeOrb|BeastBoost|TrickRoom,GyroBall,StoneEdge,Earthquake|Lonely|252,252,,,4,|N|,,15,,,0|||,,,,,Rock\",\"rating\":1455}\n>chat ☆Bunny Stockfish|Good luck! Playing on **stockfish**.\n>p1 team 6, 3, 4, 2, 1, 5\n>p2 team 1, 2, 3, 4, 5, 6\n>p1 move earthquake\n>p2 move twilightexit mega\n>p2 switch 2\n>p1 move earthquake\n>p2 move calmmind\n>p1 move earthquake dynamax\n>p2 move bloodmoon\n>p1 move earthquake dynamax\n>p2 move hypervoice\n>p2 switch 2\n>p1 move earthquake dynamax\n>p2 move witchssnatch\n>p1 switch 4\n>p1 move outrage\n>p2 move witchssnatch\n>p2 switch 3\n>p1 move outrage\n>p2 move trickroom\n>p1 move closecombat terastallize\n>p2 move fleurcannon\n>p1 move closecombat\n>p2 move voltswitch\n>p2 switch 5\n>p2 switch 6\n>p1 move closecombat\n>p2 move gyroball\n>p1 switch 6\n>p1 move headlongrush\n>p2 move gyroball\n>p2 switch 4\n>p1 switch 5\n>p2 move trickroom\n>p1 move makeitrain\n>p2 switch 5\n>p1 move makeitrain\n>p2 move flashcannon\n>p2 switch 5\n>p1 move makeitrain\n>p2 move psychicnoise dynamax\n>p1 switch 3\n>p2 move psychicnoise dynamax\n>p1 switch 3\n>p1 move makeitrain\n>p2 move psychicnoise dynamax\n>p1 switch 2\n>p1 move moonblast\n>p2 move psychicnoise",
	"uploadtime": 1790278001
}