{
	"id": "gen9rpou-1-tlirnb",
	"format": "[Gen 9] RP OU",
	"players": [
		"Bunny Stockfish",
		"SlimeQueenSamantha"
	],
	"rating": null,
	"log": "|j|☆Bunny Stockfish\n|j|☆SlimeQueenSamantha\n|t:|1789666738\n|gametype|singles\n|player|p1|Bunny Stockfish|bunny.png|1332\n|player|p2|SlimeQueenSamantha|queen.png|1412\n|gen|9\n|tier|[Gen 9] RP OU\n|rated|\n|rule|HP Percentage Mod: HP is shown in percentages\n|rule|Endless Battle Clause: Forcing endless battles is banned\n|rule|Species Clause: Limit one of each Pokémon\n|rule|OHKO Clause: OHKO moves are banned\n|rule|Evasion Clause: Evasion abilities, items, and moves are banned\n|rule|Evasion Abilities Clause: Evasion abilities are banned\n|rule|Evasion Items Clause: Evasion items are banned\n|rule|Evasion Moves Clause: Evasion moves are banned\n|rule|Sleep Clause Mod: Limit one foe put to sleep\n|clearpoke\n|poke|p1|Lokix|\n|poke|p1|Ting-Lu|\n|poke|p1|Rotom-Wash|\n|poke|p1|Corviknight|\n|poke|p1|Rillaboom|\n|poke|p1|Gliscor|\n|poke|p2|Spiritomb|\n|poke|p2|Glaceon|\n|poke|p2|Garchomp|\n|poke|p2|Roserade|\n|poke|p2|Togekiss|\n|poke|p2|Lucario|\n|teampreview\n|c|☆Bunny Stockfish|Good luck! Playing on **stockfish**.\n|\n|t:|1789666749\n|teamsize|p1|6\n|teamsize|p2|6\n|start\n|switch|p1a: Ting-Lu|Ting-Lu|100/100\n|switch|p2a: Garchomp|Garchomp|100/100\n|-ability|p1a: Ting-Lu|Vessel of Ruin\n|turn|1\n|\n|t:|1789666753\n|move|p1a: Ting-Lu|Ruination|p2a: Garchomp\n|-damage|p2a: Garchomp|50/100\n|move|p2a: Garchomp|Dragon Tail|p1a: Ting-Lu\n|-damage|p1a: Ting-Lu|87/100\n|drag|p1a: Gliscor|Gliscor|100/100\n|\n|-status|p1a: Gliscor|tox|[from] item: Toxic Orb\n|upkeep\n|turn|2\n|\n|t:|1789666755\n|-start|p1a: Gliscor|Dynamax|\n|-heal|p1a: Gliscor|100/100 tox|[silent]\n|move|p2a: Garchomp|Stealth Rock|p1a: Gliscor\n|-sidestart|p1: Bunny Stockfish|move: Stealth Rock\n|move|p1a: Gliscor|Max Quake|p2a: Garchomp\n|-damage|p2a: Garchomp|22/100\n|-boost|p1a: Gliscor|spd|1\n|\n|upkeep\n|turn|3\n|\n|t:|1789666757\n|move|p2a: Garchomp|Spikes|p1a: Gliscor\n|-sidestart|p1: Bunny Stockfish|Spikes\n|move|p1a: Gliscor|Max Quake|p2a: Garchomp\n|-damage|p2a: Garchomp|0 fnt\n|-boost|p1a: Gliscor|spd|1\n|faint|p2a: Garchomp\n|\n|upkeep\n|\n|t:|1789666762\n|switch|p2a: Glaceon|Glaceon|100/100\n|-weather|Snowscape|[from] ability: Diamond Dust|[of] p2a: Glaceon\n|turn|4\n|\n|t:|1789666767\n|-terastallize|p2a: Glaceon|Ice\n|move|p2a: Glaceon|Blizzard|p1a: Gliscor\n|-supereffective|p1a: Gliscor\n|-damage|p1a: Gliscor|12/100 tox\n|-damage|p2a: Glaceon|91/100|[from] item: Life Orb\n|move|p1a: Gliscor|Max Quake|p2a: Glaceon\n|-damage|p2a: Glaceon|57/100\n|-boost|p1a: Gliscor|spd|1\n|\n|-weather|Snowscape|[upkeep]\n|-heal|p1a: Gliscor|18/100 tox|[from] ability: Poison Heal\n|upkeep\n|-end|p1a: Gliscor|Dynamax\n|-heal|p1a: Gliscor|18/100 tox|[silent]\n|turn|5\n|\n|t:|1789666771\n|move|p2a: Glaceon|Blizzard|p1a: Gliscor\n|-supereffective|p1a: Gliscor\n|-damage|p1a: Gliscor|0 fnt\n|faint|p1a: Gliscor\n|-damage|p2a: Glaceon|47/100|[from] item: Life Orb\n|\n|-weather|Snowscape|[upkeep]\n|upkeep\n|\n|t:|1789666771\n|switch|p1a: Rotom|Rotom-Wash|100/100\n|-damage|p1a: Rotom|88/100|[from] Stealth Rock\n|turn|6\n|\n|t:|1789666773\n|move|p2a: Glaceon|Freeze-Dry|p1a: Rotom\n|-supereffective|p1a: Rotom\n|-damage|p1a: Rotom|0 fnt\n|faint|p1a: Rotom\n|-damage|p2a: Glaceon|37/100|[from] item: Life Orb\n|\n|-weather|Snowscape|[upkeep]\n|upkeep\n|\n|t:|1789666773\n|switch|p1a: Corviknight|Corviknight|100/100\n|-damage|p1a: Corviknight|88/100|[from] Stealth Rock\n|turn|7\n|\n|t:|1789666776\n|move|p2a: Glaceon|Blizzard|p1a: Corviknight\n|-damage|p1a: Corviknight|0 fnt\n|faint|p1a: Corviknight\n|-damage|p2a: Glaceon|27/100|[from] item: Life Orb\n|\n|-weather|Snowscape|[upkeep]\n|upkeep\n|\n|t:|1789666776\n|switch|p1a: Lokix|Lokix|100/100\n|-damage|p1a: Lokix|76/100|[from] Stealth Rock\n|-damage|p1a: Lokix|63/100|[from] Spikes\n|turn|8\n|\n|t:|1789666781\n|switch|p2a: Togekiss|Togekiss|100/100\n|move|p1a: Lokix|First Impression|p2a: Togekiss\n|-resisted|p2a: Togekiss\n|-damage|p2a: Togekiss|65/100\n|\n|-weather|none\n|upkeep\n|turn|9\n|\n|t:|1789666783\n|move|p1a: Lokix|First Impression||[still]\n|-hint|First Impression only works on your first turn out.\n|-fail|p1a: Lokix\n|move|p2a: Togekiss|Air Slash|p1a: Lokix|[miss]\n|-miss|p2a: Togekiss|p1a: Lokix\n|\n|upkeep\n|turn|10\n|\n|t:|1789666786\n|switch|p1a: Ting-Lu|Ting-Lu|87/100\n|-damage|p1a: Ting-Lu|81/100|[from] Stealth Rock\n|-damage|p1a: Ting-Lu|68/100|[from] Spikes\n|-ability|p1a: Ting-Lu|Vessel of Ruin\n|move|p2a: Togekiss|Air Slash|p1a: Ting-Lu\n|-crit|p1a: Ting-Lu\n|-damage|p1a: Ting-Lu|45/100\n|-enditem|p1a: Ting-Lu|Red Card|[of] p2a: Togekiss\n|drag|p2a: Lucario|Lucario|100/100\n|\n|upkeep\n|turn|11\n|\n|t:|1789666791\n|switch|p1a: Rillaboom|Rillaboom|100/100\n|-damage|p1a: Rillaboom|88/100|[from] Stealth Rock\n|-damage|p1a: Rillaboom|75/100|[from] Spikes\n|-fieldstart|move: Grassy Terrain|[from] ability: Grassy Surge|[of] p1a: Rillaboom\n|detailschange|p2a: Lucario|Lucario-Mega-Z\n|-mega|p2a: Lucario|Lucario|Lucarionite Z\n|move|p2a: Lucario|Aura Sphere|p1a: Rillaboom\n|-damage|p1a: Rillaboom|35/100\n|\n|-heal|p1a: Rillaboom|42/100|[from] Grassy Terrain\n|upkeep\n|turn|12\n|\n|t:|1789666794\n|move|p1a: Rillaboom|Grassy Glide|p2a: Lucario\n|-resisted|p2a: Lucario\n|-damage|p2a: Lucario|84/100\n|move|p2a: Lucario|Aura Sphere|p1a: Rillaboom\n|-damage|p1a: Rillaboom|3/100\n|\n|-heal|p2a: Lucario|90/100|[from] Grassy Terrain\n|-heal|p1a: Rillaboom|9/100|[from] Grassy Terrain\n|upkeep\n|turn|13\n|\n|t:|1789666797\n|move|p1a: Rillaboom|Grassy Glide|p2a: Lucario\n|-resisted|p2a: Lucario\n|-damage|p2a: Lucario|72/100\n|move|p2a: Lucario|Aura Sphere|p1a: Rillaboom\n|-damage|p1a: Rillaboom|0 fnt\n|faint|p1a: Rillaboom\n|\n|-heal|p2a: Lucario|78/100|[from] Grassy Terrain\n|upkeep\n|\n|t:|1789666797\n|switch|p1a: Ting-Lu|Ting-Lu|45/100\n|-damage|p1a: Ting-Lu|39/100|[from] Stealth Rock\n|-damage|p1a: Ting-Lu|26/100|[from] Spikes\n|-ability|p1a: Ting-Lu|Vessel of Ruin\n|turn|14\n|\n|t:|1789666802\n|move|p2a: Lucario|Aura Sphere|p1a: Ting-Lu\n|-supereffective|p1a: Ting-Lu\n|-damage|p1a: Ting-Lu|0 fnt\n|faint|p1a: Ting-Lu\n|\n|-heal|p2a: Lucario|84/100|[from] Grassy Terrain\n|upkeep\n|\n|t:|1789666802\n|switch|p1a: Lokix|Lokix|63/100\n|-damage|p1a: Lokix|39/100|[from] Stealth Rock\n|-damage|p1a: Lokix|26/100|[from] Spikes\n|turn|15\n|\n|t:|1789666803\n|move|p1a: Lokix|First Impression|p2a: Lucario\n|-resisted|p2a: Lucario\n|-damage|p2a: Lucario|59/100\n|move|p2a: Lucario|Aura Sphere|p1a: Lokix\n|-damage|p1a: Lokix|0 fnt\n|faint|p1a: Lokix\n|\n|win|SlimeQueenSamantha\n",
	"inputlog": ">start {\"formatid\":\"gen9rpou\",\"seed\":\"sodium,a7aa89f13d25e3e5565111d2ff441b9a\",\"rated\":\"Rated battle\"}\n>player p1 {\"name\":\"Bunny Stockfish\",\"avatar\":\"bunny.png\",\"team\":\"Lokix||ChoiceBand|TintedLens|FirstImpression,Uturn,HiveFrenzy,LeechLife|Adamant|,252,4,,,252|N||||,,,,,Bug]Ting-Lu||RedCard|VesselofRuin|StealthRock,Spikes,Ruination,Whirlwind|Impish|252,,4,,252,|N||||,,,,,Water]Rotom|RotomWash|Leftovers|Levitate|VoltSwitch,HydroPump,PainSplit,WillOWisp|Bold|252,,212,,,44|N||||,,,,,Steel]Corviknight||Leftovers|MirrorArmor|BraveBird,IronDefense,Uturn,Roost|Impish|248,,252,,8,|N||||,,,G,,Fighting]Rillaboom||AssaultVest|GrassySurge|GrassyGlide,KnockOff,Uturn,LowKick|Adamant|204,252,,,,52|N||||,,,,,Fighting]Gliscor||ToxicOrb|PoisonHeal|HiveFrenzy,Earthquake,KnockOff,Protect|Careful|244,,36,,228,|N||||,,,,,Water\",\"rating\":1332}\n>player p2 {\"name\":\"SlimeQueenSamantha\",\"avatar\":\"queen.png\",\"team\":\"Spiritomb||Leftovers|KeystoneLegion|SoulToll,StrengthSap,PartingShot,WillOWisp|Calm|252,,4,,252,|N||||,,,,,Fairy]Glaceon||LifeOrb|DiamondDust|Blizzard,FreezeDry,AuroraVeil,EarthPower|Modest|,,4,252,,252|N|,0,,,,|||,,,,,Ice]Garchomp||RockyHelmet|RoughSkin|Earthquake,DragonTail,StealthRock,Spikes|Impish|252,,216,,,40|N||||,,,,,Ghost]Roserade||HeavyDutyBoots|Masquerade|ThornedBouquet,Oxidize,NastyPlot,MortalSpin|Timid|,,,252,4,252|N||||,,,,,Water]Togekiss||ChoiceScarf|SereneGrace|AirSlash,Uturn,AlluringVoice,Flamethrower|Timid|,,,252,4,252|N||||,,,,,Flying]Lucario||LucarioniteZ|Steadfast|NastyPlot,AuraSphere,FlashCannon,DarkPulse|Timid|,,,252,,252|N|,0,,,,|||,,,,,Ghost\",\"rating\":1412}\n>chat ☆Bunny Stockfish|Good luck! Playing on **stockfish**.\n>p1 team 2, 1, 6, 3, 5, 4\n>p2 team 3, 2, 1, 4, 5, 6\n>p1 move ruination\n>p2 move dragontail\n>p1 move earthquake dynamax\n>p2 move stealthrock\n>p1 move earthquake dynamax\n>p2 move spikes\n>p2 switch 2\n>p1 move earthquake dynamax\n>p2 move blizzard terastallize\n>p1 move earthquake\n>p2 move blizzard\n>p1 switch 4\n>p1 move hydropump\n>p2 move freezedry\n>p1 switch 6\n>p1 move bravebird\n>p2 move blizzard\n>p1 switch 2\n>p1 move firstimpression\n>p2 switch 5\n>p1 move firstimpression\n>p2 move airslash\n>p1 switch 3\n>p2 move airslash\n>p1 switch 5\n>p2 move aurasphere mega\n>p1 move grassyglide\n>p2 move aurasphere\n>p1 move grassyglide\n>p2 move aurasphere\n>p1 switch 5\n>p1 move ruination\n>p2 move aurasphere\n>p1 switch 3\n>p1 move firstimpression\n>p2 move aurasphere",
	"uploadtime": 1789666803
}