{
	"id": "gen9rpou-6-tlij40",
	"format": "[Gen 9] RP OU",
	"players": [
		"Bunny Stockfish",
		"SlimeQueenSamantha"
	],
	"rating": null,
	"log": "|j|☆Bunny Stockfish\n|j|☆SlimeQueenSamantha\n|t:|1789665732\n|gametype|singles\n|player|p1|Bunny Stockfish|bunny.png|1332\n|player|p2|SlimeQueenSamantha|queen.png|1378\n|gen|9\n|tier|[Gen 9] RP OU\n|rated|\n|rule|HP Percentage Mod: HP is shown in percentages\n|rule|Endless Battle Clause: Forcing endless battles is banned\n|rule|Species Clause: Limit one of each Pokémon\n|rule|OHKO Clause: OHKO moves are banned\n|rule|Evasion Clause: Evasion abilities, items, and moves are banned\n|rule|Evasion Abilities Clause: Evasion abilities are banned\n|rule|Evasion Items Clause: Evasion items are banned\n|rule|Evasion Moves Clause: Evasion moves are banned\n|rule|Sleep Clause Mod: Limit one foe put to sleep\n|clearpoke\n|poke|p1|Ninetales-Alola|\n|poke|p1|Moltres|\n|poke|p1|Hatterene|\n|poke|p1|Kingambit|\n|poke|p1|Barraskewda|\n|poke|p1|Raging Bolt|\n|poke|p2|Spiritomb|\n|poke|p2|Glaceon|\n|poke|p2|Garchomp|\n|poke|p2|Roserade|\n|poke|p2|Togekiss|\n|poke|p2|Lucario|\n|teampreview\n|c|☆Bunny Stockfish|Good luck! Playing on **stockfish**.\n|\n|t:|1789665786\n|teamsize|p1|6\n|teamsize|p2|6\n|start\n|switch|p1a: Moltres|Moltres|100/100\n|switch|p2a: Lucario|Lucario|100/100\n|turn|1\n|\n|t:|1789665791\n|switch|p2a: Garchomp|Garchomp|100/100\n|-start|p1a: Moltres|Dynamax|\n|-heal|p1a: Moltres|100/100|[silent]\n|move|p1a: Moltres|Max Flare|p2a: Garchomp\n|-resisted|p2a: Garchomp\n|-damage|p2a: Garchomp|74/100\n|-weather|SunnyDay\n|\n|-weather|SunnyDay|[upkeep]\n|upkeep\n|turn|2\n|\n|t:|1789665797\n|move|p1a: Moltres|Max Guard|p1a: Moltres\n|-singleturn|p1a: Moltres|Max Guard\n|move|p2a: Garchomp|Stealth Rock|p1a: Moltres\n|-sidestart|p1: Bunny Stockfish|move: Stealth Rock\n|\n|-weather|SunnyDay|[upkeep]\n|upkeep\n|turn|3\n|\n|t:|1789665799\n|move|p1a: Moltres|Max Guard||[still]\n|-fail|p1a: Moltres\n|move|p2a: Garchomp|Spikes|p1a: Moltres\n|-sidestart|p1: Bunny Stockfish|Spikes\n|\n|-weather|SunnyDay|[upkeep]\n|upkeep\n|-end|p1a: Moltres|Dynamax\n|-heal|p1a: Moltres|100/100|[silent]\n|turn|4\n|\n|t:|1789665803\n|move|p2a: Garchomp|Spikes|p1a: Moltres\n|-sidestart|p1: Bunny Stockfish|Spikes\n|move|p1a: Moltres|Will-O-Wisp|p2a: Garchomp\n|-status|p2a: Garchomp|brn\n|\n|-weather|SunnyDay|[upkeep]\n|-damage|p2a: Garchomp|68/100 brn|[from] brn\n|upkeep\n|turn|5\n|\n|t:|1789665806\n|move|p2a: Garchomp|Spikes|p1a: Moltres\n|-sidestart|p1: Bunny Stockfish|Spikes\n|move|p1a: Moltres|Flamethrower|p2a: Garchomp\n|-resisted|p2a: Garchomp\n|-damage|p2a: Garchomp|40/100 brn\n|\n|-weather|none\n|-damage|p2a: Garchomp|33/100 brn|[from] brn\n|upkeep\n|turn|6\n|\n|t:|1789665808\n|move|p1a: Moltres|Flamethrower|p2a: Garchomp\n|-resisted|p2a: Garchomp\n|-damage|p2a: Garchomp|16/100 brn\n|move|p2a: Garchomp|Dragon Tail|p1a: Moltres\n|-damage|p1a: Moltres|91/100\n|drag|p1a: Kingambit|Kingambit|100/100\n|-damage|p1a: Kingambit|94/100|[from] Stealth Rock\n|-damage|p1a: Kingambit|69/100|[from] Spikes\n|\n|-damage|p2a: Garchomp|10/100 brn|[from] brn\n|upkeep\n|turn|7\n|\n|t:|1789665813\n|move|p1a: Kingambit|Sucker Punch|p2a: Garchomp\n|-crit|p2a: Garchomp\n|-damage|p2a: Garchomp|0 fnt\n|-damage|p1a: Kingambit|57/100|[from] ability: Rough Skin|[of] p2a: Garchomp\n|-damage|p1a: Kingambit|40/100|[from] item: Rocky Helmet|[of] p2a: Garchomp\n|faint|p2a: Garchomp\n|\n|upkeep\n|\n|t:|1789665817\n|switch|p2a: Roserade|Roserade|100/100\n|-ability|p2a: Roserade|Masquerade\n|-start|p1a: Kingambit|move: Taunt\n|turn|8\n|\n|t:|1789665819\n|move|p1a: Kingambit|Sucker Punch||[still]\n|-fail|p1a: Kingambit\n|move|p2a: Roserade|Nasty Plot|p2a: Roserade\n|-boost|p2a: Roserade|spa|2\n|\n|upkeep\n|turn|9\n|\n|t:|1789665821\n|move|p2a: Roserade|Oxidize|p1a: Kingambit\n|-supereffective|p1a: Kingambit\n|-damage|p1a: Kingambit|0 fnt\n|faint|p1a: Kingambit\n|-end|p1a: Kingambit|fallenundefined|[silent]\n|\n|upkeep\n|\n|t:|1789665822\n|switch|p1a: Moltres|Moltres|91/100\n|turn|10\n|\n|t:|1789665827\n|-start|p2a: Roserade|Dynamax|\n|-heal|p2a: Roserade|100/100|[silent]\n|move|p2a: Roserade|Max Ooze|p1a: Moltres\n|-damage|p1a: Moltres|10/100\n|-boost|p2a: Roserade|spa|1\n|move|p1a: Moltres|Flamethrower|p2a: Roserade\n|-supereffective|p2a: Roserade\n|-damage|p2a: Roserade|59/100\n|\n|upkeep\n|turn|11\n|\n|t:|1789665839\n|move|p2a: Roserade|Max Ooze|p1a: Moltres\n|-damage|p1a: Moltres|0 fnt\n|-boost|p2a: Roserade|spa|1\n|faint|p1a: Moltres\n|\n|upkeep\n|\n|t:|1789665839\n|switch|p1a: Raging Bolt|Raging Bolt|100/100\n|turn|12\n|\n|t:|1789665844\n|move|p2a: Roserade|Max Overgrowth|p1a: Raging Bolt\n|-resisted|p1a: Raging Bolt\n|-damage|p1a: Raging Bolt|5/100\n|-fieldstart|move: Grassy Terrain\n|move|p1a: Raging Bolt|Dragon Pulse|p2a: Roserade\n|-damage|p2a: Roserade|30/100\n|\n|-heal|p2a: Roserade|33/100|[from] Grassy Terrain\n|-heal|p1a: Raging Bolt|11/100|[from] Grassy Terrain\n|upkeep\n|-end|p2a: Roserade|Dynamax\n|-heal|p2a: Roserade|33/100|[silent]\n|turn|13\n|\n|t:|1789665851\n|move|p2a: Roserade|Thorned Bouquet|p1a: Raging Bolt\n|-resisted|p1a: Raging Bolt\n|-damage|p1a: Raging Bolt|0 fnt\n|-heal|p2a: Roserade|40/100|[from] drain|[of] p1a: Raging Bolt\n|faint|p1a: Raging Bolt\n|-end|p1a: Raging Bolt|Protosynthesis|[silent]\n|\n|-heal|p2a: Roserade|46/100|[from] Grassy Terrain\n|upkeep\n|\n|t:|1789665851\n|switch|p1a: Hatterene|Hatterene|100/100\n|-damage|p1a: Hatterene|88/100|[from] Stealth Rock\n|-damage|p1a: Hatterene|63/100|[from] Spikes\n|turn|14\n|\n|t:|1789665859\n|move|p2a: Roserade|Thorned Bouquet|p1a: Hatterene\n|-damage|p1a: Hatterene|0 fnt\n|-heal|p2a: Roserade|81/100|[from] drain|[of] p1a: Hatterene\n|faint|p1a: Hatterene\n|\n|-heal|p2a: Roserade|87/100|[from] Grassy Terrain\n|upkeep\n|\n|t:|1789665859\n|switch|p1a: Ninetales|Ninetales-Alola|100/100\n|-damage|p1a: Ninetales|76/100|[from] Stealth Rock\n|-damage|p1a: Ninetales|51/100|[from] Spikes\n|-weather|Snowscape|[from] ability: Snow Warning|[of] p1a: Ninetales\n|turn|15\n|\n|t:|1789665862\n|move|p1a: Ninetales|Freeze-Dry|p2a: Roserade\n|-supereffective|p2a: Roserade\n|-damage|p2a: Roserade|37/100\n|move|p2a: Roserade|Oxidize|p1a: Ninetales\n|-supereffective|p1a: Ninetales\n|-damage|p1a: Ninetales|0 fnt\n|faint|p1a: Ninetales\n|\n|-weather|Snowscape|[upkeep]\n|-heal|p2a: Roserade|43/100|[from] Grassy Terrain\n|upkeep\n|\n|t:|1789665862\n|switch|p1a: Barraskewda|Barraskewda|100/100\n|-damage|p1a: Barraskewda|88/100|[from] Stealth Rock\n|-damage|p1a: Barraskewda|64/100|[from] Spikes\n|turn|16\n|\n|t:|1789665865\n|move|p1a: Barraskewda|Liquidation|p2a: Roserade\n|-resisted|p2a: Roserade\n|-crit|p2a: Roserade\n|-damage|p2a: Roserade|0 fnt\n|faint|p2a: Roserade\n|\n|-weather|Snowscape|[upkeep]\n|-heal|p1a: Barraskewda|70/100|[from] Grassy Terrain\n|-fieldend|move: Grassy Terrain\n|upkeep\n|\n|t:|1789665874\n|switch|p2a: Spiritomb|Spiritomb|100/100\n|turn|17\n|\n|t:|1789665876\n|move|p1a: Barraskewda|Liquidation|p2a: Spiritomb\n|-damage|p2a: Spiritomb|54/100\n|-unboost|p2a: Spiritomb|def|1\n|move|p2a: Spiritomb|Will-O-Wisp|p1a: Barraskewda\n|-status|p1a: Barraskewda|brn\n|\n|-weather|Snowscape|[upkeep]\n|-heal|p2a: Spiritomb|60/100|[from] item: Leftovers\n|-damage|p1a: Barraskewda|64/100 brn|[from] brn\n|upkeep\n|turn|18\n|\n|t:|1789665878\n|-terastallize|p1a: Barraskewda|Water\n|move|p1a: Barraskewda|Liquidation|p2a: Spiritomb\n|-damage|p2a: Spiritomb|14/100\n|move|p2a: Spiritomb|Strength Sap|p1a: Barraskewda\n|-unboost|p1a: Barraskewda|atk|1\n|-heal|p2a: Spiritomb|100/100\n|\n|-weather|Snowscape|[upkeep]\n|-damage|p1a: Barraskewda|58/100 brn|[from] brn\n|upkeep\n|turn|19\n|\n|t:|1789665881\n|move|p1a: Barraskewda|Liquidation|p2a: Spiritomb\n|-damage|p2a: Spiritomb|68/100\n|move|p2a: Spiritomb|Soul Toll|p1a: Barraskewda\n|-damage|p1a: Barraskewda|0 fnt\n|faint|p1a: Barraskewda\n|\n|win|SlimeQueenSamantha\n",
	"inputlog": ">start {\"formatid\":\"gen9rpou\",\"seed\":\"sodium,3abcffa82e9ccf23be989995a311d601\",\"rated\":\"Rated battle\"}\n>player p1 {\"name\":\"Bunny Stockfish\",\"avatar\":\"bunny.png\",\"team\":\"Ninetales|NinetalesAlola|LightClay|SnowWarning|AuroraVeil,Encore,FreezeDry,Roar|Timid|252,,4,,,252|N||||,,,,,Water]Moltres||HeavyDutyBoots|FlameBody|Flamethrower,Roost,WillOWisp,Roar|Bold|248,,248,,,12|N||||,,,,,Fairy]Hatterene||RockyHelmet|MagicBounce|PsychicNoise,DrainingKiss,PainSplit,Nuzzle|Bold|252,,204,,,52|N||||,,,,,Water]Kingambit||LumBerry|SupremeOverlord|SwordsDance,SuckerPunch,KowtowCleave,CarrionFeast|Adamant|252,252,,,4,|N||||,,,,,Fire]Barraskewda||MysticWater|PropellerTail|Liquidation,FlipTurn,AquaJet,CloseCombat|Adamant|,252,4,,,252|N||||,,,,,Water]Raging Bolt||HeavyDutyBoots|Protosynthesis|Thunderbolt,Thunderclap,VoltSwitch,DragonPulse|Modest|,,4,252,,252|N|,20,,,,|||,,,,,Fairy\",\"rating\":1332}\n>player p2 {\"name\":\"SlimeQueenSamantha\",\"avatar\":\"queen.png\",\"team\":\"Spiritomb||Leftovers|KeystoneLegion|SoulToll,StrengthSap,PartingShot,WillOWisp|Calm|252,,4,,252,|N||||,,,,,Ghost]Glaceon||LifeOrb|DiamondDust|Blizzard,FreezeDry,AuroraVeil,EarthPower|Modest|,,4,252,,252|N|,0,,,,|||,,,,,Ice]Garchomp||RockyHelmet|RoughSkin|Earthquake,DragonTail,StealthRock,Spikes|Impish|252,,216,,,40|N||||,,,,,Ghost]Roserade||HeavyDutyBoots|Masquerade|ThornedBouquet,Oxidize,NastyPlot,MortalSpin|Timid|,,,252,4,252|N||||,,,,,Grass]Togekiss||ChoiceScarf|SereneGrace|AirSlash,Uturn,AlluringVoice,Flamethrower|Timid|,,,252,4,252|N||||,,,,,Fairy]Lucario||LucarioniteZ|Steadfast|NastyPlot,AuraSphere,HiddenPowerIce,DarkPulse|Timid|,,,252,,252|N|,0,,,,|||,Ice,,,,Fighting\",\"rating\":1378}\n>chat ☆Bunny Stockfish|Good luck! Playing on **stockfish**.\n>p1 team 2, 5, 1, 6, 4, 3\n>p2 team 6, 2, 3, 4, 5, 1\n>p1 move flamethrower dynamax\n>p2 switch 3\n>p1 move willowisp dynamax\n>p2 move stealthrock\n>p1 move willowisp dynamax\n>p2 move spikes\n>p1 move willowisp\n>p2 move spikes\n>p1 move flamethrower\n>p2 move spikes\n>p1 move flamethrower\n>p2 move dragontail\n>p1 move suckerpunch\n>p2 move earthquake\n>p2 switch 4\n>p1 move suckerpunch\n>p2 move nastyplot\n>p1 move kowtowcleave\n>p2 move oxidize\n>p1 switch 5\n>p1 move flamethrower\n>p2 move oxidize dynamax\n>p1 move flamethrower\n>p2 move oxidize dynamax\n>p1 switch 4\n>p1 move dragonpulse\n>p2 move thornedbouquet dynamax\n>p1 move dragonpulse\n>p2 move thornedbouquet\n>p1 switch 6\n>p1 move psychicnoise\n>p2 move thornedbouquet\n>p1 switch 3\n>p1 move freezedry\n>p2 move oxidize\n>p1 switch 2\n>p1 move liquidation\n>p2 move thornedbouquet\n>p2 switch 6\n>p1 move liquidation\n>p2 move willowisp\n>p1 move liquidation terastallize\n>p2 move strengthsap\n>p1 move liquidation\n>p2 move soultoll",
	"uploadtime": 1789665881
}