{
	"id": "gen9rpou-6-tlvwbi",
	"format": "[Gen 9] RP OU",
	"players": [
		"Bunny Stockfish",
		"SlimeQueenSamantha"
	],
	"rating": null,
	"log": "|j|☆Bunny Stockfish\n|j|☆SlimeQueenSamantha\n|t:|1790280235\n|gametype|singles\n|badge|p1|silver|gen9rpou|2-2\n|badge|p2|bronze|gen9rpou|3-3\n|player|p1|Bunny Stockfish|bunny.png|1424\n|player|p2|SlimeQueenSamantha|queen.png|1370\n|gen|9\n|tier|[Gen 9] RP OU\n|rated|\n|rule|HP Percentage Mod: HP is shown in percentages\n|rule|Endless Battle Clause: Forcing endless battles is banned\n|rule|Species Clause: Limit one of each Pokémon\n|rule|OHKO Clause: OHKO moves are banned\n|rule|Evasion Clause: Evasion abilities, items, and moves are banned\n|rule|Evasion Abilities Clause: Evasion abilities are banned\n|rule|Evasion Items Clause: Evasion items are banned\n|rule|Evasion Moves Clause: Evasion moves are banned\n|rule|Sleep Clause Mod: Limit one foe put to sleep\n|clearpoke\n|poke|p1|Quagsire|\n|poke|p1|Mew|\n|poke|p1|Gourgeist-*|\n|poke|p1|Empoleon|\n|poke|p1|Miltank|\n|poke|p1|Togekiss|\n|poke|p2|Banette|\n|poke|p2|Weavile|\n|poke|p2|Corviknight|\n|poke|p2|Landorus-Therian|\n|poke|p2|Slowbro|\n|poke|p2|Iron Valiant|\n|teampreview\n|c|☆Bunny Stockfish|Good luck! Playing on **stockfish**.\n|\n|t:|1790281627\n|teamsize|p1|6\n|teamsize|p2|6\n|start\n|switch|p1a: Empoleon|Empoleon|100/100\n|switch|p2a: Banette|Banette, shiny|100/100\n|-item|p1a: Empoleon|Leftovers|[from] ability: Frisk|[of] p2a: Banette\n|turn|1\n|\n|t:|1790281631\n|detailschange|p2a: Banette|Banette-Mega-Halloween, shiny\n|-mega|p2a: Banette|Banette|Banettite-Halloween\n|-ability|p2a: Banette|Witching Hour\n|-message|The Witching Hour has struck! Banette's tricks can't be stopped, not even by Dark types!\n|-message|Banette's Poltergeist became Witch's Snatch!\n|-terastallize|p1a: Empoleon|Water\n|move|p2a: Banette|Swords Dance|p2a: Banette\n|-boost|p2a: Banette|atk|2\n|move|p1a: Empoleon|Imperial Torrent|p2a: Banette\n|-damage|p2a: Banette|0 fnt\n|faint|p2a: Banette\n|detailschange|p2: Banette|Banette, shiny|[silent]\n|\n|upkeep\n|\n|t:|1790281642\n|switch|p2a: Weavile|Weavile|100/100\n|turn|2\n|\n|t:|1790281643\n|move|p2a: Weavile|Knock Off|p1a: Empoleon\n|-damage|p1a: Empoleon|33/100\n|-enditem|p1a: Empoleon|Leftovers|[from] move: Knock Off|[of] p2a: Weavile\n|move|p1a: Empoleon|Imperial Torrent|p2a: Weavile\n|-damage|p2a: Weavile|5/100\n|\n|upkeep\n|turn|3\n|\n|t:|1790281649\n|switch|p1a: Togekiss|Togekiss|100/100\n|move|p2a: Weavile|Knock Off|p1a: Togekiss\n|-resisted|p1a: Togekiss\n|-damage|p1a: Togekiss|66/100\n|-enditem|p1a: Togekiss|Heavy-Duty Boots|[from] move: Knock Off|[of] p2a: Weavile\n|\n|upkeep\n|turn|4\n|\n|t:|1790281653\n|switch|p2a: Corviknight|Corviknight|100/100\n|-ability|p2a: Corviknight|Pressure\n|move|p1a: Togekiss|Dazzling Gleam|p2a: Corviknight\n|-resisted|p2a: Corviknight\n|-damage|p2a: Corviknight|87/100\n|\n|-heal|p2a: Corviknight|93/100|[from] item: Leftovers\n|upkeep\n|turn|5\n|\n|t:|1790281655\n|switch|p1a: Mew|Mew|100/100\n|move|p2a: Corviknight|U-turn|p1a: Mew\n|-supereffective|p1a: Mew\n|-damage|p1a: Mew|86/100\n|\n|t:|1790281657\n|switch|p2a: Weavile|Weavile|5/100|[from] U-turn\n|\n|-heal|p1a: Mew|92/100|[from] item: Leftovers\n|upkeep\n|turn|6\n|\n|t:|1790281659\n|move|p2a: Weavile|Knock Off|p1a: Mew\n|-supereffective|p1a: Mew\n|-damage|p1a: Mew|12/100\n|-enditem|p1a: Mew|Leftovers|[from] move: Knock Off|[of] p2a: Weavile\n|move|p1a: Mew|Future Sight|p2a: Weavile\n|-start|p1a: Mew|move: Future Sight\n|\n|upkeep\n|turn|7\n|\n|t:|1790281661\n|switch|p1a: Togekiss|Togekiss|66/100\n|move|p2a: Weavile|Knock Off|p1a: Togekiss\n|-resisted|p1a: Togekiss\n|-damage|p1a: Togekiss|44/100\n|\n|upkeep\n|turn|8\n|\n|t:|1790281664\n|switch|p2a: Slowbro|Slowbro|100/100\n|move|p1a: Togekiss|Dazzling Gleam|p2a: Slowbro\n|-damage|p2a: Slowbro|79/100\n|\n|-end|p2a: Slowbro|move: Future Sight\n|-resisted|p2a: Slowbro\n|-damage|p2a: Slowbro|64/100\n|upkeep\n|turn|9\n|\n|t:|1790281666\n|-start|p1a: Togekiss|Dynamax|\n|-heal|p1a: Togekiss|44/100|[silent]\n|move|p1a: Togekiss|Max Guard|p1a: Togekiss\n|-singleturn|p1a: Togekiss|Max Guard\n|move|p2a: Slowbro|Teleport|p2a: Slowbro\n|\n|t:|1790281670\n|switch|p2a: Weavile|Weavile|5/100|[from] Teleport\n|\n|upkeep\n|turn|10\n|\n|t:|1790281673\n|move|p2a: Weavile|Triple Axel|p1a: Togekiss\n|-supereffective|p1a: Togekiss\n|-damage|p1a: Togekiss|28/100\n|-supereffective|p1a: Togekiss\n|-damage|p1a: Togekiss|0 fnt\n|faint|p1a: Togekiss\n|-hitcount|p1: Togekiss|2\n|\n|upkeep\n|\n|t:|1790281673\n|switch|p1a: Empoleon|Empoleon, tera:Water|33/100\n|turn|11\n|\n|t:|1790281677\n|switch|p2a: Slowbro|Slowbro|98/100\n|switch|p1a: Miltank|Miltank|100/100\n|\n|upkeep\n|turn|12\n|\n|t:|1790281679\n|move|p1a: Miltank|Stealth Rock|p2a: Slowbro\n|-sidestart|p2: SlimeQueenSamantha|move: Stealth Rock\n|move|p2a: Slowbro|Teleport|p2a: Slowbro\n|\n|t:|1790281682\n|switch|p2a: Corviknight|Corviknight|93/100|[from] Teleport\n|-damage|p2a: Corviknight|80/100|[from] Stealth Rock\n|-ability|p2a: Corviknight|Pressure\n|\n|-heal|p2a: Corviknight|86/100|[from] item: Leftovers\n|upkeep\n|turn|13\n|\n|t:|1790281684\n|switch|p1a: Quagsire|Quagsire|100/100\n|move|p2a: Corviknight|Defog|p1a: Quagsire\n|-unboost|p1a: Quagsire|evasion|1\n|-sideend|p2: SlimeQueenSamantha|Stealth Rock|[from] move: Defog|[of] p2a: Corviknight\n|\n|-heal|p2a: Corviknight|92/100|[from] item: Leftovers\n|upkeep\n|turn|14\n|\n|t:|1790281686\n|move|p2a: Corviknight|U-turn|p1a: Quagsire\n|-damage|p1a: Quagsire|92/100\n|-damage|p2a: Corviknight|76/100|[from] item: Rocky Helmet|[of] p1a: Quagsire\n|\n|t:|1790281690\n|switch|p2a: Slowbro|Slowbro|100/100|[from] U-turn\n|move|p1a: Quagsire|Curse|p1a: Quagsire\n|-unboost|p1a: Quagsire|spe|1\n|-boost|p1a: Quagsire|atk|1\n|-boost|p1a: Quagsire|def|1\n|\n|upkeep\n|turn|15\n|\n|t:|1790281691\n|move|p2a: Slowbro|Future Sight|p1a: Quagsire\n|-start|p2a: Slowbro|move: Future Sight\n|move|p1a: Quagsire|Earthquake|p2a: Slowbro\n|-damage|p2a: Slowbro|63/100\n|\n|upkeep\n|turn|16\n|\n|t:|1790281694\n|move|p1a: Quagsire|Earthquake|p2a: Slowbro\n|-damage|p2a: Slowbro|28/100\n|move|p2a: Slowbro|Teleport|p2a: Slowbro\n|\n|t:|1790281700\n|switch|p2a: Landorus|Landorus-Therian|100/100|[from] Teleport\n|-ability|p2a: Landorus|Intimidate|boost\n|-unboost|p1a: Quagsire|atk|1\n|\n|upkeep\n|turn|17\n|\n|t:|1790281702\n|move|p2a: Landorus|U-turn|p1a: Quagsire\n|-damage|p1a: Quagsire|81/100\n|-damage|p2a: Landorus|84/100|[from] item: Rocky Helmet|[of] p1a: Quagsire\n|\n|t:|1790281706\n|switch|p2a: Iron Valiant|Iron Valiant|100/100|[from] U-turn\n|-enditem|p2a: Iron Valiant|Booster Energy\n|-activate|p2a: Iron Valiant|ability: Quark Drive|[fromitem]\n|-start|p2a: Iron Valiant|quarkdrivespe\n|move|p1a: Quagsire|Toxic|p2a: Iron Valiant\n|-status|p2a: Iron Valiant|tox\n|\n|-end|p1a: Quagsire|move: Future Sight\n|-damage|p1a: Quagsire|34/100\n|-damage|p2a: Iron Valiant|94/100 tox|[from] psn\n|upkeep\n|turn|18\n|\n|t:|1790281709\n|switch|p1a: Gourgeist|Gourgeist|100/100\n|move|p2a: Iron Valiant|Encore||[still]\n|-fail|p2a: Iron Valiant\n|\n|-damage|p2a: Iron Valiant|82/100 tox|[from] psn\n|upkeep\n|turn|19\n|\n|t:|1790281714\n|move|p2a: Iron Valiant|Knock Off|p1a: Gourgeist\n|-supereffective|p1a: Gourgeist\n|-damage|p1a: Gourgeist|67/100\n|-enditem|p1a: Gourgeist|Leftovers|[from] move: Knock Off|[of] p2a: Iron Valiant\n|move|p1a: Gourgeist|Synthesis|p1a: Gourgeist\n|-heal|p1a: Gourgeist|100/100\n|\n|-damage|p2a: Iron Valiant|63/100 tox|[from] psn\n|upkeep\n|turn|20\n|\n|t:|1790281720\n|-end|p2a: Iron Valiant|Quark Drive|[silent]\n|switch|p2a: Corviknight|Corviknight|76/100\n|-ability|p2a: Corviknight|Pressure\n|move|p1a: Gourgeist|Synthesis|p1a: Gourgeist\n|-fail|p1a: Gourgeist|heal\n|\n|-heal|p2a: Corviknight|82/100|[from] item: Leftovers\n|upkeep\n|turn|21\n|\n|t:|1790281723\n|switch|p1a: Miltank|Miltank|100/100\n|move|p2a: Corviknight|U-turn|p1a: Miltank\n|-damage|p1a: Miltank|93/100\n|\n|t:|1790281726\n|switch|p2a: Weavile|Weavile|5/100|[from] U-turn\n|\n|-heal|p1a: Miltank|99/100|[from] item: Leftovers\n|upkeep\n|turn|22\n|\n|t:|1790281730\n|move|p2a: Weavile|Knock Off|p1a: Miltank\n|-damage|p1a: Miltank|57/100\n|-enditem|p1a: Miltank|Leftovers|[from] move: Knock Off|[of] p2a: Weavile\n|move|p1a: Miltank|Body Slam|p2a: Weavile\n|-damage|p2a: Weavile|0 fnt\n|faint|p2a: Weavile\n|\n|upkeep\n|\n|t:|1790281736\n|switch|p2a: Iron Valiant|Iron Valiant|63/100 tox\n|turn|23\n|\n|t:|1790281737\n|switch|p1a: Gourgeist|Gourgeist|100/100\n|move|p2a: Iron Valiant|Close Combat|p1a: Gourgeist\n|-immune|p1a: Gourgeist\n|\n|-damage|p2a: Iron Valiant|57/100 tox|[from] psn\n|upkeep\n|turn|24\n|\n|t:|1790281740\n|move|p2a: Iron Valiant|Knock Off|p1a: Gourgeist\n|-supereffective|p1a: Gourgeist\n|-crit|p1a: Gourgeist\n|-damage|p1a: Gourgeist|70/100\n|move|p1a: Gourgeist|Synthesis|p1a: Gourgeist\n|-heal|p1a: Gourgeist|100/100\n|\n|-damage|p2a: Iron Valiant|44/100 tox|[from] psn\n|upkeep\n|turn|25\n|\n|t:|1790281744\n|-end|p2a: Iron Valiant|Quark Drive|[silent]\n|switch|p2a: Landorus|Landorus-Therian|84/100\n|-ability|p2a: Landorus|Intimidate|boost\n|-unboost|p1a: Gourgeist|atk|1\n|move|p1a: Gourgeist|Synthesis|p1a: Gourgeist\n|-fail|p1a: Gourgeist|heal\n|\n|-heal|p2a: Landorus|90/100|[from] item: Leftovers\n|upkeep\n|turn|26\n|\n|t:|1790281746\n|move|p2a: Landorus|Toxic|p1a: Gourgeist|[miss]\n|-miss|p2a: Landorus|p1a: Gourgeist\n|move|p1a: Gourgeist|Will-O-Wisp|p2a: Landorus\n|-status|p2a: Landorus|brn\n|\n|-heal|p2a: Landorus|96/100 brn|[from] item: Leftovers\n|-damage|p2a: Landorus|90/100 brn|[from] brn\n|upkeep\n|turn|27\n|\n|t:|1790281748\n|move|p2a: Landorus|Toxic|p1a: Gourgeist\n|-status|p1a: Gourgeist|tox\n|move|p1a: Gourgeist|Poltergeist|p2a: Landorus\n|-activate|p2a: Landorus|move: Poltergeist|Leftovers\n|-damage|p2a: Landorus|67/100 brn\n|\n|-heal|p2a: Landorus|73/100 brn|[from] item: Leftovers\n|-damage|p1a: Gourgeist|95/100 tox|[from] psn\n|-damage|p2a: Landorus|67/100 brn|[from] brn\n|upkeep\n|turn|28\n|\n|t:|1790281750\n|move|p2a: Landorus|U-turn|p1a: Gourgeist\n|-damage|p1a: Gourgeist|87/100 tox\n|\n|t:|1790281752\n|switch|p2a: Corviknight|Corviknight|82/100|[from] U-turn\n|-ability|p2a: Corviknight|Pressure\n|move|p1a: Gourgeist|Poltergeist|p2a: Corviknight\n|-activate|p2a: Corviknight|move: Poltergeist|Leftovers\n|-damage|p2a: Corviknight|67/100\n|\n|-heal|p2a: Corviknight|73/100|[from] item: Leftovers\n|-damage|p1a: Gourgeist|75/100 tox|[from] psn\n|upkeep\n|turn|29\n|\n|t:|1790281754\n|move|p1a: Gourgeist|Will-O-Wisp|p2a: Corviknight|[miss]\n|-miss|p1a: Gourgeist|p2a: Corviknight\n|move|p2a: Corviknight|U-turn|p1a: Gourgeist\n|-damage|p1a: Gourgeist|68/100 tox\n|\n|t:|1790281766\n|switch|p2a: Iron Valiant|Iron Valiant|44/100 tox|[from] U-turn\n|\n|-damage|p2a: Iron Valiant|38/100 tox|[from] psn\n|-damage|p1a: Gourgeist|50/100 tox|[from] psn\n|upkeep\n|turn|30\n|\n|t:|1790281768\n|move|p2a: Iron Valiant|Encore|p1a: Gourgeist\n|-start|p1a: Gourgeist|Encore\n|move|p1a: Gourgeist|Will-O-Wisp||[still]\n|-fail|p1a: Gourgeist\n|\n|-damage|p2a: Iron Valiant|26/100 tox|[from] psn\n|-damage|p1a: Gourgeist|26/100 tox|[from] psn\n|upkeep\n|turn|31\n|\n|t:|1790281771\n|switch|p1a: Mew|Mew|12/100\n|move|p2a: Iron Valiant|Knock Off|p1a: Mew\n|-supereffective|p1a: Mew\n|-damage|p1a: Mew|0 fnt\n|faint|p1a: Mew\n|\n|-damage|p2a: Iron Valiant|7/100 tox|[from] psn\n|upkeep\n|\n|t:|1790281771\n|switch|p1a: Empoleon|Empoleon, tera:Water|33/100\n|turn|32\n|\n|t:|1790281775\n|move|p2a: Iron Valiant|Close Combat|p1a: Empoleon\n|-damage|p1a: Empoleon|0 fnt\n|-unboost|p2a: Iron Valiant|def|1\n|-unboost|p2a: Iron Valiant|spd|1\n|faint|p1a: Empoleon\n|\n|-damage|p2a: Iron Valiant|0 fnt|[from] psn\n|faint|p2a: Iron Valiant\n|-end|p2a: Iron Valiant|Quark Drive|[silent]\n|upkeep\n|\n|t:|1790281779\n|switch|p2a: Slowbro|Slowbro|61/100\n|switch|p1a: Miltank|Miltank|57/100\n|turn|33\n|\n|t:|1790281782\n|move|p1a: Miltank|Milk Drink|p1a: Miltank\n|-heal|p1a: Miltank|100/100\n|move|p2a: Slowbro|Scald|p1a: Miltank\n|-crit|p1a: Miltank\n|-damage|p1a: Miltank|55/100\n|\n|upkeep\n|turn|34\n|\n|t:|1790281783\n|move|p1a: Miltank|Milk Drink|p1a: Miltank\n|-heal|p1a: Miltank|100/100\n|move|p2a: Slowbro|Slack Off|p2a: Slowbro\n|-heal|p2a: Slowbro|100/100\n|\n|upkeep\n|turn|35\n|\n|t:|1790281785\n|move|p1a: Miltank|Body Slam|p2a: Slowbro\n|-damage|p2a: Slowbro|82/100\n|move|p2a: Slowbro|Scald|p1a: Miltank\n|-damage|p1a: Miltank|70/100\n|\n|upkeep\n|turn|36\n|\n|t:|1790281788\n|move|p1a: Miltank|Milk Drink|p1a: Miltank\n|-heal|p1a: Miltank|100/100\n|move|p2a: Slowbro|Teleport|p2a: Slowbro\n|\n|t:|1790281791\n|switch|p2a: Landorus|Landorus-Therian|67/100 brn|[from] Teleport\n|-ability|p2a: Landorus|Intimidate|boost\n|-unboost|p1a: Miltank|atk|1\n|\n|-heal|p2a: Landorus|73/100 brn|[from] item: Leftovers\n|-damage|p2a: Landorus|67/100 brn|[from] brn\n|upkeep\n|turn|37\n|\n|t:|1790281792\n|move|p1a: Miltank|Body Slam|p2a: Landorus\n|-damage|p2a: Landorus|51/100 brn\n|move|p2a: Landorus|Toxic|p1a: Miltank\n|-status|p1a: Miltank|tox\n|\n|-heal|p2a: Landorus|57/100 brn|[from] item: Leftovers\n|-damage|p1a: Miltank|94/100 tox|[from] psn\n|-damage|p2a: Landorus|51/100 brn|[from] brn\n|upkeep\n|turn|38\n|\n|t:|1790281795\n|move|p1a: Miltank|Body Slam|p2a: Landorus\n|-damage|p2a: Landorus|35/100 brn\n|move|p2a: Landorus|U-turn|p1a: Miltank\n|-damage|p1a: Miltank|87/100 tox\n|\n|t:|1790281798\n|switch|p2a: Slowbro|Slowbro|100/100|[from] U-turn\n|\n|-damage|p1a: Miltank|75/100 tox|[from] psn\n|upkeep\n|turn|39\n|\n|t:|1790281800\n|move|p1a: Miltank|Milk Drink|p1a: Miltank\n|-heal|p1a: Miltank|100/100 tox\n|move|p2a: Slowbro|Future Sight|p1a: Miltank\n|-start|p2a: Slowbro|move: Future Sight\n|\n|-damage|p1a: Miltank|82/100 tox|[from] psn\n|upkeep\n|turn|40\n|\n|t:|1790281801\n|move|p1a: Miltank|Milk Drink|p1a: Miltank\n|-heal|p1a: Miltank|100/100 tox\n|move|p2a: Slowbro|Teleport|p2a: Slowbro\n|\n|t:|1790281803\n|switch|p2a: Landorus|Landorus-Therian|35/100 brn|[from] Teleport\n|-ability|p2a: Landorus|Intimidate|boost\n|-unboost|p1a: Miltank|atk|1\n|\n|-heal|p2a: Landorus|41/100 brn|[from] item: Leftovers\n|-damage|p1a: Miltank|76/100 tox|[from] psn\n|-damage|p2a: Landorus|35/100 brn|[from] brn\n|upkeep\n|turn|41\n|\n|t:|1790281805\n|move|p1a: Miltank|Body Slam|p2a: Landorus\n|-damage|p2a: Landorus|24/100 brn\n|move|p2a: Landorus|Stealth Rock|p1a: Miltank\n|-sidestart|p1: Bunny Stockfish|move: Stealth Rock\n|\n|-end|p1a: Miltank|move: Future Sight\n|-crit|p1a: Miltank\n|-damage|p1a: Miltank|5/100 tox\n|-heal|p2a: Landorus|30/100 brn|[from] item: Leftovers\n|-damage|p1a: Miltank|0 fnt|[from] psn\n|faint|p1a: Miltank\n|-damage|p2a: Landorus|24/100 brn|[from] brn\n|upkeep\n|\n|t:|1790281805\n|switch|p1a: Quagsire|Quagsire|34/100\n|-damage|p1a: Quagsire|28/100|[from] Stealth Rock\n|turn|42\n|\n|t:|1790281807\n|move|p2a: Landorus|Earthquake|p1a: Quagsire\n|-damage|p1a: Quagsire|13/100\n|move|p1a: Quagsire|Recover|p1a: Quagsire\n|-heal|p1a: Quagsire|63/100\n|\n|-heal|p2a: Landorus|30/100 brn|[from] item: Leftovers\n|-damage|p2a: Landorus|24/100 brn|[from] brn\n|upkeep\n|turn|43\n|\n|t:|1790281809\n|move|p2a: Landorus|Toxic|p1a: Quagsire\n|-status|p1a: Quagsire|tox\n|move|p1a: Quagsire|Recover|p1a: Quagsire\n|-heal|p1a: Quagsire|100/100 tox\n|\n|-heal|p2a: Landorus|30/100 brn|[from] item: Leftovers\n|-damage|p1a: Quagsire|94/100 tox|[from] psn\n|-damage|p2a: Landorus|24/100 brn|[from] brn\n|upkeep\n|turn|44\n|\n|t:|1790281811\n|switch|p1a: Gourgeist|Gourgeist|26/100 tox\n|-damage|p1a: Gourgeist|13/100 tox|[from] Stealth Rock\n|-item|p2a: Landorus|Leftovers|[from] ability: Frisk|[of] p1a: Gourgeist\n|move|p2a: Landorus|U-turn|p1a: Gourgeist\n|-damage|p1a: Gourgeist|7/100 tox\n|\n|t:|1790281814\n|switch|p2a: Corviknight|Corviknight|73/100|[from] U-turn\n|-ability|p2a: Corviknight|Pressure\n|\n|-heal|p2a: Corviknight|79/100|[from] item: Leftovers\n|-damage|p1a: Gourgeist|1/100 tox|[from] psn\n|upkeep\n|turn|45\n|\n|t:|1790281816\n|switch|p1a: Quagsire|Quagsire|94/100 tox\n|-damage|p1a: Quagsire|88/100 tox|[from] Stealth Rock\n|move|p2a: Corviknight|U-turn|p1a: Quagsire\n|-damage|p1a: Quagsire|79/100 tox\n|-damage|p2a: Corviknight|62/100|[from] item: Rocky Helmet|[of] p1a: Quagsire\n|\n|t:|1790281819\n|switch|p2a: Slowbro|Slowbro|100/100|[from] U-turn\n|\n|-damage|p1a: Quagsire|73/100 tox|[from] psn\n|upkeep\n|turn|46\n|\n|t:|1790281820\n|move|p1a: Quagsire|Recover|p1a: Quagsire\n|-heal|p1a: Quagsire|100/100 tox\n|move|p2a: Slowbro|Scald|p1a: Quagsire\n|-damage|p1a: Quagsire|66/100 tox\n|\n|-damage|p1a: Quagsire|54/100 tox|[from] psn\n|upkeep\n|turn|47\n|\n|t:|1790281822\n|switch|p1a: Gourgeist|Gourgeist|1/100 tox\n|-damage|p1a: Gourgeist|0 fnt|[from] Stealth Rock\n|faint|p1a: Gourgeist\n|move|p2a: Slowbro|Scald|p1: Gourgeist|[notarget]\n|-fail|p2a: Slowbro\n|\n|upkeep\n|\n|t:|1790281822\n|switch|p1a: Quagsire|Quagsire|54/100 tox\n|-damage|p1a: Quagsire|48/100 tox|[from] Stealth Rock\n|turn|48\n|\n|t:|1790281823\n|move|p1a: Quagsire|Recover|p1a: Quagsire\n|-heal|p1a: Quagsire|98/100 tox\n|move|p2a: Slowbro|Scald|p1a: Quagsire\n|-damage|p1a: Quagsire|66/100 tox\n|\n|-damage|p1a: Quagsire|60/100 tox|[from] psn\n|upkeep\n|turn|49\n|\n|t:|1790281824\n|move|p1a: Quagsire|Recover|p1a: Quagsire\n|-heal|p1a: Quagsire|100/100 tox\n|move|p2a: Slowbro|Scald|p1a: Quagsire\n|-damage|p1a: Quagsire|69/100 tox\n|\n|-damage|p1a: Quagsire|57/100 tox|[from] psn\n|upkeep\n|turn|50\n|\n|t:|1790281826\n|move|p1a: Quagsire|Recover|p1a: Quagsire\n|-heal|p1a: Quagsire|100/100 tox\n|move|p2a: Slowbro|Scald|p1a: Quagsire\n|-damage|p1a: Quagsire|64/100 tox\n|\n|-damage|p1a: Quagsire|46/100 tox|[from] psn\n|upkeep\n|turn|51\n|\n|t:|1790281827\n|move|p1a: Quagsire|Recover|p1a: Quagsire\n|-heal|p1a: Quagsire|96/100 tox\n|move|p2a: Slowbro|Scald|p1a: Quagsire\n|-damage|p1a: Quagsire|64/100 tox\n|\n|-damage|p1a: Quagsire|40/100 tox|[from] psn\n|upkeep\n|turn|52\n|\n|t:|1790281828\n|move|p1a: Quagsire|Recover|p1a: Quagsire\n|-heal|p1a: Quagsire|90/100 tox\n|move|p2a: Slowbro|Scald|p1a: Quagsire\n|-damage|p1a: Quagsire|54/100 tox\n|\n|-damage|p1a: Quagsire|23/100 tox|[from] psn\n|upkeep\n|turn|53\n|\n|t:|1790281830\n|move|p1a: Quagsire|Recover|p1a: Quagsire\n|-heal|p1a: Quagsire|73/100 tox\n|move|p2a: Slowbro|Scald|p1a: Quagsire\n|-damage|p1a: Quagsire|37/100 tox\n|\n|-damage|p1a: Quagsire|0 fnt|[from] psn\n|faint|p1a: Quagsire\n|\n|win|SlimeQueenSamantha\n|raw|Bunny Stockfish's rating: 1424 &rarr; <strong>1401</strong><br />(-23 for losing)\n|raw|SlimeQueenSamantha's rating: 1370 &rarr; <strong>1393</strong><br />(+23 for winning)\n",
	"inputlog": ">start {\"formatid\":\"gen9rpou\",\"seed\":\"sodium,6090f364cb9cef4f4c185d2c29146b7a\",\"rated\":\"Rated battle\"}\n>player p1 {\"name\":\"Bunny Stockfish\",\"avatar\":\"bunny.png\",\"team\":\"Quagsire||RockyHelmet|Unaware|Recover,Earthquake,Curse,Toxic|Impish|252,,252,,4,|N||||,,,,,Water]Mew||Leftovers|Synchronize|ChrysalisVeil,FutureSight,ToxicSpikes,Toxic|Bold|252,,252,,4,|N|,0,,,,|||,,,,,Fairy]Gourgeist||Leftovers|Frisk|Synthesis,Poltergeist,Toxic,WillOWisp|Impish|252,,252,,4,|N||||,,,,,Fire]Empoleon||Leftovers|EmperorsPride|Roost,ImperialTorrent,RoyalDecree,Toxic|Calm|252,,4,,252,|N|,0,,,,|||,,,,,Water]Miltank||Leftovers|ThickFat|MilkDrink,BodySlam,StealthRock,HealBell|Impish|252,,252,,4,|N||||,,,,,Water]Togekiss||HeavyDutyBoots|Hustle|Roost,DazzlingGleam,Defog,Toxic|Calm|252,,4,,252,|N|,0,,,,|||,,,,,Water\",\"rating\":1424}\n>player p2 {\"name\":\"SlimeQueenSamantha\",\"avatar\":\"queen.png\",\"team\":\"Banette||BanettiteHalloween|Frisk|SwordsDance,Poltergeist,ShadowSneak,SuckerPunch|Adamant|,252,,,4,252|N||S||,,,,,Ghost]Weavile||ChoiceBand|Pickpocket|TripleAxel,KnockOff,IceShard,LowKick|Jolly|4,252,,,,252|N||||,,,,,Ice]Corviknight||Leftovers|Pressure|BodyPress,Uturn,Roost,Defog|Impish|248,,136,,124,|N|,0,,,,|||,,,,,Fairy]Landorus|LandorusTherian|Leftovers|Intimidate|StealthRock,Earthquake,Uturn,Toxic|Careful|248,,8,,252,|N||||,,,,,Water]Slowbro||HeavyDutyBoots|Regenerator|FutureSight,Scald,Teleport,SlackOff|Calm|252,,,4,252,|N|,0,,,,|||,,,,,Poison]Iron Valiant||BoosterEnergy|QuarkDrive|Moonblast,CloseCombat,KnockOff,Encore|Naive|,4,,252,,252|N|,0,,,,|||,,,,,Steel\",\"rating\":1370}\n>chat ☆Bunny Stockfish|Good luck! Playing on **stockfish**.\n>p1 team 4, 6, 2, 5, 3, 1\n>p2 team 1, 2, 3, 4, 5, 6\n>p1 move imperialtorrent terastallize\n>p2 move swordsdance mega\n>p2 switch 2\n>p1 move imperialtorrent\n>p2 move knockoff\n>p1 switch 2\n>p2 move knockoff\n>p1 move dazzlinggleam\n>p2 switch 3\n>p1 switch 3\n>p2 move uturn\n>p2 switch 3\n>p1 move futuresight\n>p2 move knockoff\n>p1 switch 3\n>p2 move knockoff\n>p1 move dazzlinggleam\n>p2 switch 5\n>p1 move roost dynamax\n>p2 move teleport\n>p2 switch 5\n>p1 move dazzlinggleam dynamax\n>p2 move tripleaxel\n>p1 switch 2\n>p1 switch 4\n>p2 switch 5\n>p1 move stealthrock\n>p2 move teleport\n>p2 switch 3\n>p1 switch 6\n>p2 move defog\n>p1 move curse\n>p2 move uturn\n>p2 switch 3\n>p1 move earthquake\n>p2 move futuresight\n>p1 move earthquake\n>p2 move teleport\n>p2 switch 4\n>p1 move toxic\n>p2 move uturn\n>p2 switch 6\n>p1 switch 5\n>p2 move encore\n>p1 move synthesis\n>p2 move knockoff\n>p1 move synthesis\n>p2 switch 3\n>p1 switch 6\n>p2 move uturn\n>p2 switch 5\n>p1 move bodyslam\n>p2 move knockoff\n>p2 switch 3\n>p1 switch 6\n>p2 move closecombat\n>p1 move synthesis\n>p2 move knockoff\n>p1 move synthesis\n>p2 switch 6\n>p1 move willowisp\n>p2 move toxic\n>p1 move poltergeist\n>p2 move toxic\n>p1 move poltergeist\n>p2 move uturn\n>p2 switch 5\n>p1 move willowisp\n>p2 move uturn\n>p2 switch 6\n>p1 move synthesis\n>p2 move encore\n>p1 switch 3\n>p2 move knockoff\n>p1 switch 4\n>p1 move imperialtorrent\n>p2 move closecombat\n>p1 switch 6\n>p2 switch 4\n>p1 move milkdrink\n>p2 move scald\n>p1 move milkdrink\n>p2 move slackoff\n>p1 move bodyslam\n>p2 move scald\n>p1 move milkdrink\n>p2 move teleport\n>p2 switch 5\n>p1 move bodyslam\n>p2 move toxic\n>p1 move bodyslam\n>p2 move uturn\n>p2 switch 5\n>p1 move milkdrink\n>p2 move futuresight\n>p1 move milkdrink\n>p2 move teleport\n>p2 switch 5\n>p1 move bodyslam\n>p2 move stealthrock\n>p1 switch 5\n>p1 move recover\n>p2 move earthquake\n>p1 move recover\n>p2 move toxic\n>p1 switch 3\n>p2 move uturn\n>p2 switch 6\n>p1 switch 3\n>p2 move uturn\n>p2 switch 5\n>p1 move recover\n>p2 move scald\n>p1 switch 3\n>p2 move scald\n>p1 switch 3\n>p1 move recover\n>p2 move scald\n>p1 move recover\n>p2 move scald\n>p1 move recover\n>p2 move scald\n>p1 move recover\n>p2 move scald\n>p1 move recover\n>p2 move scald\n>p1 move recover\n>p2 move scald",
	"uploadtime": 1790281834
}