{
	"id": "gen9rpou-17-tliry4",
	"format": "[Gen 9] RP OU",
	"players": [
		"Bunny Stockfish",
		"SlimeQueenSamantha"
	],
	"rating": null,
	"log": "|j|☆Bunny Stockfish\n|j|☆SlimeQueenSamantha\n|t:|1789669166\n|gametype|singles\n|player|p1|Bunny Stockfish|bunny.png|1332\n|player|p2|SlimeQueenSamantha|queen.png|1595\n|gen|9\n|tier|[Gen 9] RP OU\n|rated|\n|rule|HP Percentage Mod: HP is shown in percentages\n|rule|Endless Battle Clause: Forcing endless battles is banned\n|rule|Species Clause: Limit one of each Pokémon\n|rule|OHKO Clause: OHKO moves are banned\n|rule|Evasion Clause: Evasion abilities, items, and moves are banned\n|rule|Evasion Abilities Clause: Evasion abilities are banned\n|rule|Evasion Items Clause: Evasion items are banned\n|rule|Evasion Moves Clause: Evasion moves are banned\n|rule|Sleep Clause Mod: Limit one foe put to sleep\n|clearpoke\n|poke|p1|Alomomola|\n|poke|p1|Iron Valiant|\n|poke|p1|Hatterene|\n|poke|p1|Great Tusk|\n|poke|p1|Skarmory|\n|poke|p1|Ting-Lu|\n|poke|p2|Spiritomb|\n|poke|p2|Glaceon|\n|poke|p2|Garchomp|\n|poke|p2|Roserade|\n|poke|p2|Togekiss|\n|poke|p2|Lucario|\n|teampreview\n|c|☆Bunny Stockfish|Good luck! Playing on **stockfish**.\n|\n|t:|1789669171\n|teamsize|p1|6\n|teamsize|p2|6\n|start\n|switch|p1a: Ting-Lu|Ting-Lu|100/100\n|switch|p2a: Garchomp|Garchomp|100/100\n|-ability|p1a: Ting-Lu|Vessel of Ruin\n|turn|1\n|\n|t:|1789669173\n|move|p2a: Garchomp|Stealth Rock|p1a: Ting-Lu\n|-sidestart|p1: Bunny Stockfish|move: Stealth Rock\n|move|p1a: Ting-Lu|Ruination|p2a: Garchomp\n|-damage|p2a: Garchomp|50/100\n|\n|upkeep\n|turn|2\n|\n|t:|1789669174\n|move|p2a: Garchomp|Spikes|p1a: Ting-Lu\n|-sidestart|p1: Bunny Stockfish|Spikes\n|move|p1a: Ting-Lu|Ruination|p2a: Garchomp\n|-damage|p2a: Garchomp|25/100\n|\n|upkeep\n|turn|3\n|\n|t:|1789669176\n|move|p2a: Garchomp|Spikes|p1a: Ting-Lu\n|-sidestart|p1: Bunny Stockfish|Spikes\n|move|p1a: Ting-Lu|Ruination|p2a: Garchomp|[miss]\n|-miss|p1a: Ting-Lu|p2a: Garchomp\n|\n|upkeep\n|turn|4\n|\n|t:|1789669178\n|move|p2a: Garchomp|Spikes|p1a: Ting-Lu\n|-sidestart|p1: Bunny Stockfish|Spikes\n|move|p1a: Ting-Lu|Ruination|p2a: Garchomp\n|-damage|p2a: Garchomp|13/100\n|\n|upkeep\n|turn|5\n|\n|t:|1789669182\n|move|p1a: Ting-Lu|Ruination|p2a: Garchomp|[miss]\n|-miss|p1a: Ting-Lu|p2a: Garchomp\n|move|p2a: Garchomp|Dragon Tail|p1a: Ting-Lu\n|-damage|p1a: Ting-Lu|86/100\n|drag|p1a: Iron Valiant|Iron Valiant|100/100\n|-damage|p1a: Iron Valiant|94/100|[from] Stealth Rock\n|-damage|p1a: Iron Valiant|69/100|[from] Spikes\n|-enditem|p1a: Iron Valiant|Booster Energy\n|-activate|p1a: Iron Valiant|ability: Quark Drive|[fromitem]\n|-start|p1a: Iron Valiant|quarkdrivespe\n|\n|upkeep\n|turn|6\n|\n|t:|1789669185\n|-start|p1a: Iron Valiant|Dynamax|\n|-heal|p1a: Iron Valiant|69/100|[silent]\n|move|p1a: Iron Valiant|Max Starfall|p2a: Garchomp\n|-supereffective|p2a: Garchomp\n|-damage|p2a: Garchomp|0 fnt\n|-fieldstart|move: Misty Terrain\n|faint|p2a: Garchomp\n|\n|upkeep\n|\n|t:|1789669188\n|switch|p2a: Togekiss|Togekiss|100/100\n|turn|7\n|\n|t:|1789669190\n|-end|p1a: Iron Valiant|Dynamax\n|-heal|p1a: Iron Valiant|69/100|[silent]\n|-end|p1a: Iron Valiant|Quark Drive|[silent]\n|switch|p1a: Skarmory|Skarmory|100/100\n|-damage|p1a: Skarmory|88/100|[from] Stealth Rock\n|-start|p2a: Togekiss|Dynamax|\n|-heal|p2a: Togekiss|100/100|[silent]\n|move|p2a: Togekiss|Max Airstream|p1a: Skarmory\n|-resisted|p1a: Skarmory\n|-damage|p1a: Skarmory|43/100\n|-boost|p2a: Togekiss|spe|1\n|\n|upkeep\n|turn|8\n|\n|t:|1789669193\n|move|p2a: Togekiss|Max Flare|p1a: Skarmory\n|-supereffective|p1a: Skarmory\n|-damage|p1a: Skarmory|0 fnt\n|-weather|SunnyDay\n|faint|p1a: Skarmory\n|\n|-weather|SunnyDay|[upkeep]\n|upkeep\n|\n|t:|1789669194\n|switch|p1a: Ting-Lu|Ting-Lu|86/100\n|-damage|p1a: Ting-Lu|80/100|[from] Stealth Rock\n|-damage|p1a: Ting-Lu|55/100|[from] Spikes\n|-ability|p1a: Ting-Lu|Vessel of Ruin\n|turn|9\n|\n|t:|1789669196\n|move|p2a: Togekiss|Max Starfall|p1a: Ting-Lu\n|-supereffective|p1a: Ting-Lu\n|-damage|p1a: Ting-Lu|0 fnt\n|faint|p1a: Ting-Lu\n|\n|-weather|SunnyDay|[upkeep]\n|upkeep\n|\n|t:|1789669198\n|switch|p1a: Great Tusk|Great Tusk|100/100\n|-damage|p1a: Great Tusk|98/100|[from] Stealth Rock\n|-damage|p1a: Great Tusk|73/100|[from] Spikes\n|-activate|p1a: Great Tusk|ability: Protosynthesis\n|-start|p1a: Great Tusk|protosynthesisspe\n|-end|p2a: Togekiss|Dynamax\n|-heal|p2a: Togekiss|100/100|[silent]\n|turn|10\n|\n|t:|1789669199\n|move|p2a: Togekiss|Alluring Voice|p1a: Great Tusk\n|-supereffective|p1a: Great Tusk\n|-damage|p1a: Great Tusk|0 fnt\n|faint|p1a: Great Tusk\n|-end|p1a: Great Tusk|Protosynthesis|[silent]\n|\n|-weather|SunnyDay|[upkeep]\n|-fieldend|Misty Terrain\n|upkeep\n|\n|t:|1789669199\n|switch|p1a: Hatterene|Hatterene|100/100\n|-damage|p1a: Hatterene|88/100|[from] Stealth Rock\n|-damage|p1a: Hatterene|63/100|[from] Spikes\n|turn|11\n|\n|t:|1789669201\n|-terastallize|p1a: Hatterene|Steel\n|move|p2a: Togekiss|Alluring Voice|p1a: Hatterene\n|-resisted|p1a: Hatterene\n|-damage|p1a: Hatterene|45/100\n|move|p1a: Hatterene|Dazzling Gleam|p2a: Togekiss\n|-damage|p2a: Togekiss|52/100\n|\n|-weather|SunnyDay|[upkeep]\n|upkeep\n|turn|12\n|\n|t:|1789669204\n|switch|p2a: Lucario|Lucario|100/100\n|move|p1a: Hatterene|Dazzling Gleam|p2a: Lucario\n|-crit|p2a: Lucario\n|-damage|p2a: Lucario|0 fnt\n|faint|p2a: Lucario\n|\n|-weather|none\n|upkeep\n|\n|t:|1789669208\n|switch|p2a: Roserade|Roserade|100/100\n|-ability|p2a: Roserade|Masquerade\n|-start|p1a: Hatterene|move: Taunt\n|turn|13\n|\n|t:|1789669209\n|move|p2a: Roserade|Oxidize|p1a: Hatterene\n|-supereffective|p1a: Hatterene\n|-crit|p1a: Hatterene\n|-damage|p1a: Hatterene|0 fnt\n|faint|p1a: Hatterene\n|\n|upkeep\n|\n|t:|1789669209\n|switch|p1a: Alomomola|Alomomola|100/100\n|-damage|p1a: Alomomola|88/100|[from] Stealth Rock\n|-damage|p1a: Alomomola|63/100|[from] Spikes\n|turn|14\n|\n|t:|1789669211\n|move|p1a: Alomomola|Aqua Jet|p2a: Roserade\n|-resisted|p2a: Roserade\n|-damage|p2a: Roserade|91/100\n|move|p2a: Roserade|Thorned Bouquet|p1a: Alomomola\n|-supereffective|p1a: Alomomola\n|-damage|p1a: Alomomola|16/100\n|-heal|p2a: Roserade|100/100|[from] drain|[of] p1a: Alomomola\n|-status|p1a: Alomomola|psn\n|\n|-damage|p1a: Alomomola|3/100 psn|[from] psn\n|upkeep\n|turn|15\n|\n|t:|1789669215\n|move|p1a: Alomomola|Aqua Jet|p2a: Roserade\n|-resisted|p2a: Roserade\n|-damage|p2a: Roserade|92/100\n|move|p2a: Roserade|Nasty Plot|p2a: Roserade\n|-boost|p2a: Roserade|spa|2\n|\n|-damage|p1a: Alomomola|0 fnt|[from] psn\n|faint|p1a: Alomomola\n|upkeep\n|\n|t:|1789669215\n|switch|p1a: Iron Valiant|Iron Valiant|69/100\n|-damage|p1a: Iron Valiant|63/100|[from] Stealth Rock\n|-damage|p1a: Iron Valiant|38/100|[from] Spikes\n|turn|16\n|\n|t:|1789669217\n|move|p1a: Iron Valiant|Shadow Ball|p2a: Roserade\n|-damage|p2a: Roserade|63/100\n|-unboost|p2a: Roserade|spd|1\n|move|p2a: Roserade|Oxidize|p1a: Iron Valiant\n|-supereffective|p1a: Iron Valiant\n|-damage|p1a: Iron Valiant|0 fnt\n|faint|p1a: Iron Valiant\n|-end|p1a: Iron Valiant|Quark Drive|[silent]\n|\n|win|SlimeQueenSamantha\n",
	"inputlog": ">start {\"formatid\":\"gen9rpou\",\"seed\":\"sodium,3673d721b23c8f60c0244537341d43b4\",\"rated\":\"Rated battle\"}\n>player p1 {\"name\":\"Bunny Stockfish\",\"avatar\":\"bunny.png\",\"team\":\"Alomomola||AssaultVest|Regenerator|FlipTurn,Undertow,AquaJet,PlayRough|Sassy|252,,4,,252,|N|,,,,,0|||,,,,,Normal]Iron Valiant||BoosterEnergy|QuarkDrive|CalmMind,Moonblast,ShadowBall,Thunderbolt|Timid|,,,252,4,252|N||||,,,,,Ghost]Hatterene||FocusSash|MagicBounce|TrickRoom,PsychicNoise,DazzlingGleam,HealingWish|Quiet|252,,4,252,,|N|,0,,,,0|||,,,G,,Steel]Great Tusk||RockyHelmet|Protosynthesis|HeadlongRush,IceSpinner,RapidSpin,KnockOff|Jolly|252,4,,,,252|N||||,,,,,Steel]Skarmory||RockyHelmet|Sturdy|Spikes,Roost,BodyPress,IronDefense|Impish|252,,252,,4,|N||||,,,,,Fighting]Ting-Lu||RedCard|VesselofRuin|StealthRock,Spikes,Ruination,Whirlwind|Impish|252,,4,,252,|N||||,,,,,Water\",\"rating\":1332}\n>player p2 {\"name\":\"SlimeQueenSamantha\",\"avatar\":\"queen.png\",\"team\":\"Spiritomb||Leftovers|KeystoneLegion|SoulToll,StrengthSap,PartingShot,WillOWisp|Calm|252,,4,,252,|N||||,,,,,Fairy]Glaceon||LifeOrb|DiamondDust|Blizzard,FreezeDry,AuroraVeil,EarthPower|Modest|,,4,252,,252|N|,0,,,,|||,,,,,Ice]Garchomp||RockyHelmet|RoughSkin|Earthquake,DragonTail,StealthRock,Spikes|Impish|252,,216,,,40|N||||,,,,,Ghost]Roserade||HeavyDutyBoots|Masquerade|ThornedBouquet,Oxidize,NastyPlot,MortalSpin|Timid|,,,252,4,252|N||||,,,,,Water]Togekiss||ChoiceScarf|SereneGrace|AirSlash,Uturn,AlluringVoice,Flamethrower|Timid|,,,252,4,252|N||||,,,,,Flying]Lucario||LucarioniteZ|Steadfast|NastyPlot,AuraSphere,FlashCannon,HiddenPowerIce|Timid|,,,252,,252|N|,0,,,,|||,Ice,,,,Ghost\",\"rating\":1595}\n>chat ☆Bunny Stockfish|Good luck! Playing on **stockfish**.\n>p1 team 6, 2, 4, 5, 1, 3\n>p2 team 3, 2, 1, 4, 5, 6\n>p1 move ruination\n>p2 move stealthrock\n>p1 move ruination\n>p2 move spikes\n>p1 move ruination\n>p2 move spikes\n>p1 move ruination\n>p2 move spikes\n>p1 move ruination\n>p2 move dragontail\n>p1 move moonblast dynamax\n>p2 move earthquake\n>p2 switch 5\n>p1 switch 4\n>p2 move airslash dynamax\n>p1 move spikes\n>p2 move flamethrower dynamax\n>p1 switch 2\n>p1 move ruination\n>p2 move alluringvoice dynamax\n>p1 switch 3\n>p1 move icespinner\n>p2 move alluringvoice\n>p1 switch 6\n>p1 move dazzlinggleam terastallize\n>p2 move alluringvoice\n>p1 move dazzlinggleam\n>p2 switch 6\n>p2 switch 4\n>p1 move psychicnoise\n>p2 move oxidize\n>p1 switch 5\n>p1 move aquajet\n>p2 move thornedbouquet\n>p1 move aquajet\n>p2 move nastyplot\n>p1 switch 4\n>p1 move shadowball\n>p2 move oxidize",
	"uploadtime": 1789669217
}