{
	"id": "gen9rpou-21-tlj24k",
	"format": "[Gen 9] RP OU",
	"players": [
		"SlimeQueenSamantha",
		"TheRealWhimsicott"
	],
	"rating": null,
	"log": "|j|☆SlimeQueenSamantha\n|j|☆TheRealWhimsicott\n|t:|1789685220\n|gametype|singles\n|badge|p1|gold|gen9rpou|1-1\n|badge|p2|silver|gen9rpou|2-2\n|player|p1|SlimeQueenSamantha|queen.png|\n|player|p2|TheRealWhimsicott|1|\n|gen|9\n|tier|[Gen 9] RP OU\n|rule|HP Percentage Mod: HP is shown in percentages\n|rule|Endless Battle Clause: Forcing endless battles is banned\n|rule|Species Clause: Limit one of each Pokémon\n|rule|OHKO Clause: OHKO moves are banned\n|rule|Evasion Clause: Evasion abilities, items, and moves are banned\n|rule|Evasion Abilities Clause: Evasion abilities are banned\n|rule|Evasion Items Clause: Evasion items are banned\n|rule|Evasion Moves Clause: Evasion moves are banned\n|rule|Sleep Clause Mod: Limit one foe put to sleep\n|clearpoke\n|poke|p1|Spiritomb|\n|poke|p1|Glaceon|\n|poke|p1|Garchomp|\n|poke|p1|Roserade|\n|poke|p1|Togekiss|\n|poke|p1|Lucario|\n|poke|p2|Kingambit|\n|poke|p2|Haxorus|\n|poke|p2|Pawmot|\n|poke|p2|Glaceon|\n|poke|p2|Tapu Koko|\n|poke|p2|Corviknight|\n|teampreview\n|\n|t:|1789685236\n|teamsize|p1|6\n|teamsize|p2|6\n|start\n|switch|p1a: Glaceon|Glaceon|100/100\n|switch|p2a: Glaceon|Glaceon|100/100\n|-weather|Snowscape|[from] ability: Diamond Dust|[of] p2a: Glaceon\n|turn|1\n|\n|t:|1789685240\n|move|p2a: Glaceon|Focus Blast|p1a: Glaceon\n|-supereffective|p1a: Glaceon\n|-damage|p1a: Glaceon|0 fnt\n|faint|p1a: Glaceon\n|\n|-weather|Snowscape|[upkeep]\n|upkeep\n|\n|t:|1789685248\n|switch|p1a: Spiritomb|Spiritomb|100/100\n|turn|2\n|c|☆SlimeQueenSamantha|speed tie\n|\n|t:|1789685255\n|switch|p2a: Corviknight|Corviknight|100/100\n|-ability|p2a: Corviknight|Pressure\n|move|p1a: Spiritomb|Parting Shot|p2a: Corviknight\n|-unboost|p2a: Corviknight|atk|1\n|-unboost|p2a: Corviknight|spa|1\n|\n|t:|1789685258\n|switch|p1a: Roserade|Roserade|100/100|[from] Parting Shot\n|-ability|p1a: Roserade|Masquerade\n|-start|p2a: Corviknight|move: Taunt\n|\n|-weather|Snowscape|[upkeep]\n|upkeep\n|turn|3\n|\n|t:|1789685262\n|move|p1a: Roserade|Nasty Plot|p1a: Roserade\n|-boost|p1a: Roserade|spa|2\n|move|p2a: Corviknight|U-turn|p1a: Roserade\n|-damage|p1a: Roserade|85/100\n|\n|t:|1789685267\n|switch|p2a: Glaceon|Glaceon|100/100|[from] U-turn\n|\n|-weather|Snowscape|[upkeep]\n|upkeep\n|turn|4\n|\n|t:|1789685272\n|-terastallize|p1a: Roserade|Water\n|move|p2a: Glaceon|Blizzard|p1a: Roserade\n|-resisted|p1a: Roserade\n|-damage|p1a: Roserade|36/100\n|move|p1a: Roserade|Thorned Bouquet|p2a: Glaceon\n|-damage|p2a: Glaceon|0 fnt\n|-heal|p1a: Roserade|83/100|[from] drain|[of] p2a: Glaceon\n|faint|p2a: Glaceon\n|\n|-weather|Snowscape|[upkeep]\n|upkeep\n|\n|t:|1789685280\n|switch|p2a: Pawmot|Pawmot|100/100\n|turn|5\n|\n|t:|1789685285\n|switch|p1a: Garchomp|Garchomp|100/100\n|move|p2a: Pawmot|Double Shock|p1a: Garchomp\n|-immune|p1a: Garchomp\n|\n|-weather|none\n|upkeep\n|turn|6\n|\n|t:|1789685290\n|switch|p2a: Corviknight|Corviknight|100/100\n|-ability|p2a: Corviknight|Pressure\n|move|p1a: Garchomp|Stealth Rock|p2a: Corviknight\n|-sidestart|p2: TheRealWhimsicott|move: Stealth Rock\n|\n|upkeep\n|turn|7\n|\n|t:|1789685293\n|move|p2a: Corviknight|U-turn|p1a: Garchomp\n|-damage|p1a: Garchomp|91/100\n|-damage|p2a: Corviknight|88/100|[from] ability: Rough Skin|[of] p1a: Garchomp\n|-damage|p2a: Corviknight|71/100|[from] item: Rocky Helmet|[of] p1a: Garchomp\n|\n|t:|1789685295\n|switch|p2a: Tapu Koko|Tapu Koko|100/100|[from] U-turn\n|-damage|p2a: Tapu Koko|88/100|[from] Stealth Rock\n|-fieldstart|move: Electric Terrain|[from] ability: Electric Surge|[of] p2a: Tapu Koko\n|move|p1a: Garchomp|Dragon Tail|p2a: Tapu Koko\n|-immune|p2a: Tapu Koko\n|\n|upkeep\n|turn|8\n|\n|t:|1789685301\n|-start|p1a: Garchomp|Dynamax|\n|-heal|p1a: Garchomp|91/100|[silent]\n|move|p2a: Tapu Koko|U-turn|p1a: Garchomp\n|-damage|p1a: Garchomp|85/100\n|-damage|p2a: Tapu Koko|76/100|[from] ability: Rough Skin|[of] p1a: Garchomp\n|-damage|p2a: Tapu Koko|59/100|[from] item: Rocky Helmet|[of] p1a: Garchomp\n|\n|t:|1789685305\n|switch|p2a: Corviknight|Corviknight|71/100|[from] U-turn\n|-damage|p2a: Corviknight|59/100|[from] Stealth Rock\n|-ability|p2a: Corviknight|Pressure\n|move|p1a: Garchomp|Max Quake|p2a: Corviknight\n|-immune|p2a: Corviknight\n|\n|-heal|p2a: Corviknight|65/100|[from] item: Leftovers\n|upkeep\n|turn|9\n|\n|t:|1789685310\n|move|p2a: Corviknight|Protect|p2a: Corviknight\n|-singleturn|p2a: Corviknight|Protect\n|move|p1a: Garchomp|Max Wyrmwind|p2a: Corviknight\n|-resisted|p2a: Corviknight\n|-zbroken|p2a: Corviknight\n|-damage|p2a: Corviknight|62/100\n|-unboost|p2a: Corviknight|atk|1\n|\n|-heal|p2a: Corviknight|68/100|[from] item: Leftovers\n|upkeep\n|turn|10\n|\n|t:|1789685313\n|move|p1a: Garchomp|Max Wyrmwind|p2a: Corviknight\n|-resisted|p2a: Corviknight\n|-damage|p2a: Corviknight|53/100\n|-unboost|p2a: Corviknight|atk|1\n|move|p2a: Corviknight|Roost|p2a: Corviknight\n|-heal|p2a: Corviknight|100/100\n|-singleturn|p2a: Corviknight|move: Roost\n|\n|upkeep\n|-end|p1a: Garchomp|Dynamax\n|-heal|p1a: Garchomp|85/100|[silent]\n|turn|11\n|\n|t:|1789685317\n|move|p2a: Corviknight|Protect|p2a: Corviknight\n|-singleturn|p2a: Corviknight|Protect\n|move|p1a: Garchomp|Earthquake|p2a: Corviknight\n|-activate|p2a: Corviknight|move: Protect\n|\n|upkeep\n|turn|12\n|\n|t:|1789685320\n|move|p1a: Garchomp|Spikes|p2a: Corviknight\n|-sidestart|p2: TheRealWhimsicott|Spikes\n|move|p2a: Corviknight|U-turn|p1a: Garchomp\n|-damage|p1a: Garchomp|81/100\n|-damage|p2a: Corviknight|88/100|[from] ability: Rough Skin|[of] p1a: Garchomp\n|-damage|p2a: Corviknight|71/100|[from] item: Rocky Helmet|[of] p1a: Garchomp\n|\n|t:|1789685328\n|switch|p2a: Tapu Koko|Tapu Koko|59/100|[from] U-turn\n|-damage|p2a: Tapu Koko|47/100|[from] Stealth Rock\n|-damage|p2a: Tapu Koko|34/100|[from] Spikes\n|\n|upkeep\n|turn|13\n|\n|t:|1789685332\n|move|p2a: Tapu Koko|Dazzling Gleam|p1a: Garchomp\n|-supereffective|p1a: Garchomp\n|-damage|p1a: Garchomp|21/100\n|move|p1a: Garchomp|Earthquake|p2a: Tapu Koko\n|-supereffective|p2a: Tapu Koko\n|-damage|p2a: Tapu Koko|0 fnt\n|faint|p2a: Tapu Koko\n|\n|upkeep\n|\n|t:|1789685336\n|switch|p2a: Pawmot|Pawmot|100/100\n|-damage|p2a: Pawmot|94/100|[from] Stealth Rock\n|-damage|p2a: Pawmot|82/100|[from] Spikes\n|turn|14\n|\n|t:|1789685339\n|move|p2a: Pawmot|Close Combat|p1a: Garchomp\n|-damage|p1a: Garchomp|0 fnt\n|-unboost|p2a: Pawmot|def|1\n|-unboost|p2a: Pawmot|spd|1\n|-damage|p2a: Pawmot|70/100|[from] ability: Rough Skin|[of] p1a: Garchomp\n|-damage|p2a: Pawmot|53/100|[from] item: Rocky Helmet|[of] p1a: Garchomp\n|faint|p1a: Garchomp\n|\n|-fieldend|move: Electric Terrain\n|upkeep\n|\n|t:|1789685343\n|switch|p1a: Togekiss|Togekiss|100/100\n|turn|15\n|\n|t:|1789685350\n|switch|p2a: Corviknight|Corviknight|71/100\n|-damage|p2a: Corviknight|59/100|[from] Stealth Rock\n|-ability|p2a: Corviknight|Pressure\n|move|p1a: Togekiss|Alluring Voice|p2a: Corviknight\n|-resisted|p2a: Corviknight\n|-damage|p2a: Corviknight|41/100\n|\n|-heal|p2a: Corviknight|47/100|[from] item: Leftovers\n|upkeep\n|turn|16\n|\n|t:|1789685357\n|switch|p1a: Spiritomb|Spiritomb|100/100\n|move|p2a: Corviknight|Roost|p2a: Corviknight\n|-heal|p2a: Corviknight|97/100\n|-singleturn|p2a: Corviknight|move: Roost\n|\n|-heal|p2a: Corviknight|100/100|[from] item: Leftovers\n|upkeep\n|turn|17\n|\n|t:|1789685361\n|move|p2a: Corviknight|Protect|p2a: Corviknight\n|-singleturn|p2a: Corviknight|Protect\n|move|p1a: Spiritomb|Will-O-Wisp|p2a: Corviknight\n|-activate|p2a: Corviknight|move: Protect\n|\n|upkeep\n|turn|18\n|\n|t:|1789685368\n|move|p2a: Corviknight|U-turn|p1a: Spiritomb\n|-damage|p1a: Spiritomb|90/100\n|\n|t:|1789685372\n|switch|p2a: Pawmot|Pawmot|53/100|[from] U-turn\n|-damage|p2a: Pawmot|47/100|[from] Stealth Rock\n|-damage|p2a: Pawmot|35/100|[from] Spikes\n|move|p1a: Spiritomb|Parting Shot|p2a: Pawmot\n|-unboost|p2a: Pawmot|atk|1\n|-unboost|p2a: Pawmot|spa|1\n|\n|t:|1789685381\n|switch|p1a: Togekiss|Togekiss|100/100|[from] Parting Shot\n|\n|upkeep\n|turn|19\n|\n|t:|1789685384\n|move|p1a: Togekiss|Alluring Voice|p2a: Pawmot\n|-supereffective|p2a: Pawmot\n|-damage|p2a: Pawmot|0 fnt\n|faint|p2a: Pawmot\n|\n|upkeep\n|\n|t:|1789685389\n|switch|p2a: Kingambit|Kingambit|100/100\n|-damage|p2a: Kingambit|94/100|[from] Stealth Rock\n|-damage|p2a: Kingambit|82/100|[from] Spikes\n|-activate|p2a: Kingambit|ability: Supreme Overlord\n|-start|p2a: Kingambit|fallen3|[silent]\n|turn|20\n|\n|t:|1789685392\n|switch|p1a: Spiritomb|Spiritomb|90/100\n|move|p2a: Kingambit|Iron Head|p1a: Spiritomb\n|-damage|p1a: Spiritomb|40/100\n|\n|-heal|p1a: Spiritomb|46/100|[from] item: Leftovers\n|upkeep\n|turn|21\n|\n|t:|1789685400\n|-end|p2a: Kingambit|fallen3|[silent]\n|switch|p2a: Corviknight|Corviknight|100/100\n|-damage|p2a: Corviknight|88/100|[from] Stealth Rock\n|-ability|p2a: Corviknight|Pressure\n|move|p1a: Spiritomb|Strength Sap|p2a: Corviknight\n|-unboost|p2a: Corviknight|atk|1\n|-heal|p1a: Spiritomb|100/100\n|\n|-heal|p2a: Corviknight|94/100|[from] item: Leftovers\n|upkeep\n|turn|22\n|\n|t:|1789685404\n|move|p2a: Corviknight|U-turn|p1a: Spiritomb\n|-damage|p1a: Spiritomb|93/100\n|\n|t:|1789685407\n|switch|p2a: Kingambit|Kingambit|82/100|[from] U-turn\n|-damage|p2a: Kingambit|76/100|[from] Stealth Rock\n|-damage|p2a: Kingambit|63/100|[from] Spikes\n|-activate|p2a: Kingambit|ability: Supreme Overlord\n|-start|p2a: Kingambit|fallen3|[silent]\n|move|p1a: Spiritomb|Will-O-Wisp|p2a: Kingambit\n|-status|p2a: Kingambit|brn\n|\n|-heal|p1a: Spiritomb|99/100|[from] item: Leftovers\n|-damage|p2a: Kingambit|57/100 brn|[from] brn\n|upkeep\n|turn|23\n|\n|t:|1789685415\n|move|p2a: Kingambit|Swords Dance|p2a: Kingambit\n|-boost|p2a: Kingambit|atk|2\n|move|p1a: Spiritomb|Parting Shot|p2a: Kingambit\n|-unboost|p2a: Kingambit|atk|1\n|-unboost|p2a: Kingambit|spa|1\n|\n|t:|1789685417\n|switch|p1a: Lucario|Lucario|100/100|[from] Parting Shot\n|\n|-damage|p2a: Kingambit|51/100 brn|[from] brn\n|upkeep\n|turn|24\n|\n|t:|1789685425\n|detailschange|p1a: Lucario|Lucario-Mega-Z\n|-mega|p1a: Lucario|Lucario|Lucarionite Z\n|move|p2a: Kingambit|Sucker Punch||[still]\n|-fail|p2a: Kingambit\n|move|p1a: Lucario|Nasty Plot|p1a: Lucario\n|-boost|p1a: Lucario|spa|2\n|\n|-damage|p2a: Kingambit|45/100 brn|[from] brn\n|upkeep\n|turn|25\n|\n|t:|1789685429\n|move|p2a: Kingambit|Sucker Punch|p1a: Lucario\n|-resisted|p1a: Lucario\n|-damage|p1a: Lucario|83/100\n|move|p1a: Lucario|Aura Sphere|p2a: Kingambit\n|-supereffective|p2a: Kingambit\n|-damage|p2a: Kingambit|0 fnt\n|faint|p2a: Kingambit\n|-end|p2a: Kingambit|fallen3|[silent]\n|\n|upkeep\n|\n|t:|1789685432\n|switch|p2a: Haxorus|Haxorus|100/100\n|-damage|p2a: Haxorus|88/100|[from] Stealth Rock\n|-damage|p2a: Haxorus|76/100|[from] Spikes\n|-ability|p2a: Haxorus|Mold Breaker\n|turn|26\n|\n|t:|1789685437\n|move|p1a: Lucario|Aura Sphere|p2a: Haxorus\n|-damage|p2a: Haxorus|0 fnt\n|faint|p2a: Haxorus\n|\n|upkeep\n|\n|t:|1789685440\n|switch|p2a: Corviknight|Corviknight|94/100\n|-damage|p2a: Corviknight|82/100|[from] Stealth Rock\n|-ability|p2a: Corviknight|Pressure\n|turn|27\n|\n|t:|1789685442\n|move|p1a: Lucario|Aura Sphere|p2a: Corviknight\n|-damage|p2a: Corviknight|0 fnt\n|faint|p2a: Corviknight\n|\n|win|SlimeQueenSamantha\n",
	"inputlog": ">start {\"formatid\":\"gen9rpou\",\"seed\":\"sodium,424873ad35d812fd758c6a48c2691057\"}\n>player p1 {\"name\":\"SlimeQueenSamantha\",\"avatar\":\"queen.png\",\"team\":\"Spiritomb||Leftovers|KeystoneLegion|SoulToll,StrengthSap,PartingShot,WillOWisp|Calm|252,,4,,252,|N||||,,,,,Fairy]Glaceon||LifeOrb|DiamondDust|Blizzard,FreezeDry,AuroraVeil,EarthPower|Modest|,,4,252,,252|N|,0,,,,|||,,,,,Ice]Garchomp||RockyHelmet|RoughSkin|Earthquake,DragonTail,StealthRock,Spikes|Impish|252,,216,,,40|N||||,,,,,Ghost]Roserade||HeavyDutyBoots|Masquerade|ThornedBouquet,Oxidize,NastyPlot,MortalSpin|Timid|,,,252,4,252|N||||,,,,,Water]Togekiss||ChoiceScarf|SereneGrace|AirSlash,Uturn,AlluringVoice,Flamethrower|Timid|,,,252,4,252|N||||,,,,,Flying]Lucario||LucarioniteZ|Steadfast|NastyPlot,AuraSphere,FlashCannon,HiddenPowerIce|Timid|,,,252,,252|N|,0,,,,|||,Ice,,,,Ghost\",\"rating\":0}\n>player p2 {\"name\":\"TheRealWhimsicott\",\"avatar\":\"1\",\"team\":\"Kingambit||BlackGlasses|SupremeOverlord|KnockOff,IronHead,SuckerPunch,SwordsDance|Adamant|252,252,,,4,|N||||,,,,,Dark]Haxorus||LoadedDice|MoldBreaker|HoneClaws,ScaleShot,Earthquake,IronHead|Jolly|4,252,,,,252|N||||,,,,,Steel]Pawmot||ChoiceBand|IronFist|RevivalBlessing,SparkScamper,CloseCombat,DoubleShock|Jolly|4,252,,,,252|N||||,,,,,Electric]Glaceon||ChoiceSpecs|DiamondDust|EarthPower,FreezeDry,FocusBlast,Blizzard|Modest|,,,252,4,252|N|,0,,,,|||,,,,,Ice]Tapu Koko||TerrainExtender|ElectricSurge|Uturn,BraveBird,Thunderbolt,DazzlingGleam|Timid|4,,,252,,252|N||||,,,,,Electric]Corviknight||Leftovers|Pressure|Roost,Uturn,Protect,IronHead|Impish|252,,252,,4,|N||||,,,,,Flying\",\"rating\":0}\n>p1 team 2, 1, 3, 4, 5, 6\n>p2 team 4, 2, 3, 1, 5, 6\n>p1 move auroraveil\n>p2 move focusblast\n>p1 switch 2\n>chat ☆SlimeQueenSamantha|speed tie\n>p1 move partingshot\n>p2 switch 6\n>p1 switch 4\n>p1 move nastyplot\n>p2 move uturn\n>p2 switch 6\n>p1 move thornedbouquet terastallize\n>p2 move blizzard\n>p2 switch 3\n>p1 switch 3\n>p2 move doubleshock\n>p1 move stealthrock\n>p2 switch 6\n>p1 move dragontail\n>p2 move uturn\n>p2 switch 5\n>p1 move earthquake dynamax\n>p2 move uturn\n>p2 switch 5\n>p1 move dragontail dynamax\n>p2 move protect\n>p1 move dragontail dynamax\n>p2 move roost\n>p1 move earthquake\n>p2 move protect\n>p1 move spikes\n>p2 move uturn\n>p2 switch 5\n>p1 move earthquake\n>p2 move dazzlinggleam\n>p2 switch 6\n>p1 move earthquake\n>p2 move closecombat\n>p1 switch 5\n>p1 move alluringvoice\n>p2 switch 5\n>p1 switch 4\n>p2 move roost\n>p1 move willowisp\n>p2 move protect\n>p1 move partingshot\n>p2 move uturn\n>p2 switch 5\n>p1 switch 4\n>p1 move alluringvoice\n>p2 move doubleshock\n>p2 switch 4\n>p1 switch 4\n>p2 move ironhead\n>p1 move strengthsap\n>p2 switch 5\n>p1 move willowisp\n>p2 move uturn\n>p2 switch 5\n>p1 move partingshot\n>p2 move swordsdance\n>p1 switch 6\n>p1 move nastyplot mega\n>p2 move suckerpunch\n>p1 move aurasphere\n>p2 move suckerpunch\n>p2 switch 2\n>p1 move aurasphere\n>p2 move earthquake\n>p2 switch 5\n>p1 move aurasphere\n>p2 move ironhead",
	"uploadtime": 1789685442
}