{
	"id": "gen9rpou-18-tliry4",
	"format": "[Gen 9] RP OU",
	"players": [
		"Bunny Stockfish",
		"SlimeQueenSamantha"
	],
	"rating": null,
	"log": "|j|☆Bunny Stockfish\n|j|☆SlimeQueenSamantha\n|t:|1789669233\n|gametype|singles\n|player|p1|Bunny Stockfish|bunny.png|1332\n|player|p2|SlimeQueenSamantha|queen.png|1602\n|gen|9\n|tier|[Gen 9] RP OU\n|rated|\n|rule|HP Percentage Mod: HP is shown in percentages\n|rule|Endless Battle Clause: Forcing endless battles is banned\n|rule|Species Clause: Limit one of each Pokémon\n|rule|OHKO Clause: OHKO moves are banned\n|rule|Evasion Clause: Evasion abilities, items, and moves are banned\n|rule|Evasion Abilities Clause: Evasion abilities are banned\n|rule|Evasion Items Clause: Evasion items are banned\n|rule|Evasion Moves Clause: Evasion moves are banned\n|rule|Sleep Clause Mod: Limit one foe put to sleep\n|clearpoke\n|poke|p1|Dragapult|\n|poke|p1|Hatterene|\n|poke|p1|Iron Jugulis|\n|poke|p1|Zamazenta-*|\n|poke|p1|Landorus-Therian|\n|poke|p1|Ninetales|\n|poke|p2|Spiritomb|\n|poke|p2|Glaceon|\n|poke|p2|Garchomp|\n|poke|p2|Roserade|\n|poke|p2|Togekiss|\n|poke|p2|Lucario|\n|teampreview\n|c|☆Bunny Stockfish|Good luck! Playing on **stockfish**.\n|\n|t:|1789669236\n|teamsize|p1|6\n|teamsize|p2|6\n|start\n|switch|p1a: Zamazenta|Zamazenta|100/100\n|switch|p2a: Garchomp|Garchomp|100/100\n|-ability|p1a: Zamazenta|Dauntless Shield|boost\n|-boost|p1a: Zamazenta|def|1\n|turn|1\n|\n|t:|1789669238\n|move|p1a: Zamazenta|Iron Defense|p1a: Zamazenta\n|-boost|p1a: Zamazenta|def|2\n|move|p2a: Garchomp|Stealth Rock|p1a: Zamazenta\n|-sidestart|p1: Bunny Stockfish|move: Stealth Rock\n|\n|upkeep\n|turn|2\n|\n|t:|1789669240\n|move|p1a: Zamazenta|Body Press|p2a: Garchomp\n|-damage|p2a: Garchomp|48/100\n|-damage|p1a: Zamazenta|88/100|[from] ability: Rough Skin|[of] p2a: Garchomp\n|-damage|p1a: Zamazenta|72/100|[from] item: Rocky Helmet|[of] p2a: Garchomp\n|move|p2a: Garchomp|Dragon Tail|p1a: Zamazenta\n|-damage|p1a: Zamazenta|65/100\n|drag|p1a: Landorus|Landorus-Therian|100/100\n|-damage|p1a: Landorus|88/100|[from] Stealth Rock\n|-ability|p1a: Landorus|Intimidate|boost\n|-unboost|p2a: Garchomp|atk|1\n|\n|upkeep\n|turn|3\n|\n|t:|1789669242\n|-start|p1a: Landorus|Dynamax|\n|-heal|p1a: Landorus|88/100|[silent]\n|move|p1a: Landorus|Max Quake|p2a: Garchomp\n|-damage|p2a: Garchomp|7/100\n|-boost|p1a: Landorus|spd|1\n|move|p2a: Garchomp|Spikes|p1a: Landorus\n|-sidestart|p1: Bunny Stockfish|Spikes\n|\n|upkeep\n|turn|4\n|\n|t:|1789669245\n|move|p1a: Landorus|Max Quake|p2a: Garchomp\n|-damage|p2a: Garchomp|0 fnt\n|-boost|p1a: Landorus|spd|1\n|faint|p2a: Garchomp\n|\n|upkeep\n|\n|t:|1789669248\n|switch|p2a: Glaceon|Glaceon|100/100\n|-weather|Snowscape|[from] ability: Diamond Dust|[of] p2a: Glaceon\n|turn|5\n|\n|t:|1789669250\n|move|p2a: Glaceon|Blizzard|p1a: Landorus\n|-supereffective|p1a: Landorus\n|-damage|p1a: Landorus|0 fnt\n|faint|p1a: Landorus\n|-damage|p2a: Glaceon|91/100|[from] item: Life Orb\n|\n|-weather|Snowscape|[upkeep]\n|upkeep\n|\n|t:|1789669251\n|switch|p1a: Zamazenta|Zamazenta|65/100\n|-damage|p1a: Zamazenta|58/100|[from] Stealth Rock\n|-damage|p1a: Zamazenta|46/100|[from] Spikes\n|turn|6\n|\n|t:|1789669252\n|move|p2a: Glaceon|Blizzard|p1a: Zamazenta\n|-damage|p1a: Zamazenta|0 fnt\n|faint|p1a: Zamazenta\n|-damage|p2a: Glaceon|81/100|[from] item: Life Orb\n|\n|-weather|Snowscape|[upkeep]\n|upkeep\n|\n|t:|1789669252\n|switch|p1a: Hatterene|Hatterene|100/100\n|-damage|p1a: Hatterene|88/100|[from] Stealth Rock\n|-damage|p1a: Hatterene|76/100|[from] Spikes\n|turn|7\n|\n|t:|1789669254\n|-terastallize|p1a: Hatterene|Water\n|move|p2a: Glaceon|Blizzard|p1a: Hatterene\n|-resisted|p1a: Hatterene\n|-damage|p1a: Hatterene|51/100\n|-damage|p2a: Glaceon|71/100|[from] item: Life Orb\n|move|p1a: Hatterene|Mystical Fire|p2a: Glaceon\n|-supereffective|p2a: Glaceon\n|-damage|p2a: Glaceon|0 fnt\n|faint|p2a: Glaceon\n|\n|-weather|Snowscape|[upkeep]\n|upkeep\n|\n|t:|1789669256\n|switch|p2a: Roserade|Roserade|100/100\n|-ability|p2a: Roserade|Masquerade\n|-start|p1a: Hatterene|move: Taunt\n|turn|8\n|\n|t:|1789669258\n|switch|p1a: Dragapult|Dragapult|100/100\n|-damage|p1a: Dragapult|88/100|[from] Stealth Rock\n|-damage|p1a: Dragapult|76/100|[from] Spikes\n|move|p2a: Roserade|Thorned Bouquet|p1a: Dragapult\n|-resisted|p1a: Dragapult\n|-damage|p1a: Dragapult|43/100\n|-status|p1a: Dragapult|psn\n|\n|-weather|Snowscape|[upkeep]\n|-damage|p1a: Dragapult|30/100 psn|[from] psn\n|upkeep\n|turn|9\n|\n|t:|1789669263\n|switch|p2a: Spiritomb|Spiritomb|100/100\n|move|p1a: Dragapult|Phantom Force||[still]\n|-prepare|p1a: Dragapult|Phantom Force\n|\n|-weather|none\n|-damage|p1a: Dragapult|18/100 psn|[from] psn\n|upkeep\n|turn|10\n|\n|t:|1789669268\n|move|p1a: Dragapult|Phantom Force|p2a: Spiritomb|[from] lockedmove\n|-damage|p2a: Spiritomb|46/100\n|move|p2a: Spiritomb|Strength Sap|p1a: Dragapult\n|-fail|p1a: Dragapult|unboost|[from] ability: Clear Body|[of] p1a: Dragapult\n|-heal|p2a: Spiritomb|100/100\n|\n|-damage|p1a: Dragapult|6/100 psn|[from] psn\n|upkeep\n|turn|11\n|\n|t:|1789669273\n|move|p1a: Dragapult|Phantom Force||[still]\n|-prepare|p1a: Dragapult|Phantom Force\n|move|p2a: Spiritomb|Strength Sap|p1a: Dragapult|[miss]\n|-miss|p2a: Spiritomb|p1a: Dragapult\n|\n|-damage|p1a: Dragapult|0 fnt|[from] psn\n|faint|p1a: Dragapult\n|upkeep\n|\n|t:|1789669273\n|switch|p1a: Iron Jugulis|Iron Jugulis|100/100\n|-damage|p1a: Iron Jugulis|76/100|[from] Stealth Rock\n|-enditem|p1a: Iron Jugulis|Booster Energy\n|-activate|p1a: Iron Jugulis|ability: Quark Drive|[fromitem]\n|-start|p1a: Iron Jugulis|quarkdrivespe\n|turn|12\n|\n|t:|1789669277\n|move|p1a: Iron Jugulis|Hurricane|p2a: Spiritomb|[miss]\n|-miss|p1a: Iron Jugulis|p2a: Spiritomb\n|move|p2a: Spiritomb|Will-O-Wisp|p1a: Iron Jugulis\n|-status|p1a: Iron Jugulis|brn\n|\n|-damage|p1a: Iron Jugulis|69/100 brn|[from] brn\n|upkeep\n|turn|13\n|\n|t:|1789669282\n|move|p1a: Iron Jugulis|Hurricane|p2a: Spiritomb|[miss]\n|-miss|p1a: Iron Jugulis|p2a: Spiritomb\n|move|p2a: Spiritomb|Parting Shot|p1a: Iron Jugulis\n|-unboost|p1a: Iron Jugulis|atk|1\n|-unboost|p1a: Iron Jugulis|spa|1\n|\n|t:|1789669286\n|switch|p2a: Togekiss|Togekiss|100/100|[from] Parting Shot\n|\n|-damage|p1a: Iron Jugulis|63/100 brn|[from] brn\n|upkeep\n|turn|14\n|\n|t:|1789669288\n|-end|p1a: Iron Jugulis|Quark Drive|[silent]\n|switch|p1a: Ninetales|Ninetales|100/100\n|-damage|p1a: Ninetales|76/100|[from] Stealth Rock\n|-damage|p1a: Ninetales|63/100|[from] Spikes\n|-weather|SunnyDay|[from] ability: Drought|[of] p1a: Ninetales\n|move|p2a: Togekiss|Alluring Voice|p1a: Ninetales\n|-resisted|p1a: Ninetales\n|-damage|p1a: Ninetales|43/100\n|\n|-weather|SunnyDay|[upkeep]\n|upkeep\n|turn|15\n|\n|t:|1789669289\n|move|p2a: Togekiss|Alluring Voice|p1a: Ninetales\n|-resisted|p1a: Ninetales\n|-damage|p1a: Ninetales|24/100\n|move|p1a: Ninetales|Will-O-Wisp|p2a: Togekiss\n|-status|p2a: Togekiss|brn\n|\n|-weather|SunnyDay|[upkeep]\n|-damage|p2a: Togekiss|94/100 brn|[from] brn\n|upkeep\n|turn|16\n|\n|t:|1789669291\n|move|p2a: Togekiss|Alluring Voice|p1a: Ninetales\n|-resisted|p1a: Ninetales\n|-damage|p1a: Ninetales|5/100\n|move|p1a: Ninetales|Weather Ball|p2a: Togekiss\n|-damage|p2a: Togekiss|48/100 brn\n|\n|-weather|SunnyDay|[upkeep]\n|-damage|p2a: Togekiss|42/100 brn|[from] brn\n|upkeep\n|turn|17\n|\n|t:|1789669293\n|move|p2a: Togekiss|Alluring Voice|p1a: Ninetales\n|-resisted|p1a: Ninetales\n|-damage|p1a: Ninetales|0 fnt\n|faint|p1a: Ninetales\n|\n|-weather|SunnyDay|[upkeep]\n|-damage|p2a: Togekiss|36/100 brn|[from] brn\n|upkeep\n|\n|t:|1789669293\n|switch|p1a: Hatterene|Hatterene, tera:Water|51/100\n|-damage|p1a: Hatterene|39/100|[from] Stealth Rock\n|-damage|p1a: Hatterene|27/100|[from] Spikes\n|turn|18\n|\n|t:|1789669295\n|move|p2a: Togekiss|Alluring Voice|p1a: Hatterene\n|-damage|p1a: Hatterene|3/100\n|move|p1a: Hatterene|Psyshock|p2a: Togekiss\n|-damage|p2a: Togekiss|0 fnt\n|faint|p2a: Togekiss\n|\n|-weather|SunnyDay|[upkeep]\n|upkeep\n|\n|t:|1789669297\n|switch|p2a: Lucario|Lucario|100/100\n|turn|19\n|\n|t:|1789669300\n|detailschange|p2a: Lucario|Lucario-Mega-Z\n|-mega|p2a: Lucario|Lucario|Lucarionite Z\n|move|p2a: Lucario|Aura Sphere|p1a: Hatterene\n|-damage|p1a: Hatterene|0 fnt\n|faint|p1a: Hatterene\n|\n|-weather|SunnyDay|[upkeep]\n|upkeep\n|\n|t:|1789669300\n|switch|p1a: Iron Jugulis|Iron Jugulis|63/100 brn\n|-damage|p1a: Iron Jugulis|38/100 brn|[from] Stealth Rock\n|turn|20\n|\n|t:|1789669302\n|move|p2a: Lucario|Aura Sphere|p1a: Iron Jugulis\n|-damage|p1a: Iron Jugulis|0 fnt\n|faint|p1a: Iron Jugulis\n|-end|p1a: Iron Jugulis|Quark Drive|[silent]\n|\n|win|SlimeQueenSamantha\n",
	"inputlog": ">start {\"formatid\":\"gen9rpou\",\"seed\":\"sodium,098a9c6163b95b8f4869bcb0b1b1dd37\",\"rated\":\"Rated battle\"}\n>player p1 {\"name\":\"Bunny Stockfish\",\"avatar\":\"bunny.png\",\"team\":\"Dragapult||ChoiceBand|ClearBody|DragonDarts,Uturn,SuckerPunch,PhantomForce|Jolly|,252,4,,,252|N||||,,,,,Dragon]Hatterene||AssaultVest|MagicBounce|Psyshock,DrainingKiss,MysticalFire,PsychicNoise|Modest|252,,,100,104,52|N|,0,,,,|||,,,,,Water]Iron Jugulis||BoosterEnergy|QuarkDrive|Hurricane,KnockOff,EarthPower,Taunt|Timid|,4,,252,,252|N||||,,,,,Ground]Zamazenta||Leftovers|DauntlessShield|IronDefense,BodyPress,Crunch,Rest|Jolly|252,,88,,,168|N||||,,,,,Dark]Landorus|LandorusTherian|RockyHelmet|Intimidate|StealthRock,EarthPower,Uturn,Taunt|Timid|252,,4,,,252|N||||,,,,,Ghost]Ninetales||HeatRock|Drought|WeatherBall,Encore,HealingWish,WillOWisp|Timid|252,,4,,,252|N|,0,,,,|||,,,,,Flying\",\"rating\":1332}\n>player p2 {\"name\":\"SlimeQueenSamantha\",\"avatar\":\"queen.png\",\"team\":\"Spiritomb||Leftovers|KeystoneLegion|SoulToll,StrengthSap,PartingShot,WillOWisp|Calm|252,,4,,252,|N||||,,,,,Fairy]Glaceon||LifeOrb|DiamondDust|Blizzard,FreezeDry,AuroraVeil,EarthPower|Modest|,,4,252,,252|N|,0,,,,|||,,,,,Ice]Garchomp||RockyHelmet|RoughSkin|Earthquake,DragonTail,StealthRock,Spikes|Impish|252,,216,,,40|N||||,,,,,Ghost]Roserade||HeavyDutyBoots|Masquerade|ThornedBouquet,Oxidize,NastyPlot,MortalSpin|Timid|,,,252,4,252|N||||,,,,,Water]Togekiss||ChoiceScarf|SereneGrace|AirSlash,Uturn,AlluringVoice,Flamethrower|Timid|,,,252,4,252|N||||,,,,,Flying]Lucario||LucarioniteZ|Steadfast|NastyPlot,AuraSphere,FlashCannon,HiddenPowerIce|Timid|,,,252,,252|N|,0,,,,|||,Ice,,,,Ghost\",\"rating\":1602}\n>chat ☆Bunny Stockfish|Good luck! Playing on **stockfish**.\n>p1 team 4, 1, 3, 6, 5, 2\n>p2 team 3, 2, 1, 4, 5, 6\n>p1 move irondefense\n>p2 move stealthrock\n>p1 move bodypress\n>p2 move dragontail\n>p1 move earthpower dynamax\n>p2 move spikes\n>p1 move earthpower dynamax\n>p2 move spikes\n>p2 switch 2\n>p1 move earthpower dynamax\n>p2 move blizzard\n>p1 switch 5\n>p1 move bodypress\n>p2 move blizzard\n>p1 switch 6\n>p1 move mysticalfire terastallize\n>p2 move blizzard\n>p2 switch 4\n>p1 switch 2\n>p2 move thornedbouquet\n>p1 move phantomforce\n>p2 switch 3\n>p1 move phantomforce\n>p2 move strengthsap\n>p1 move phantomforce\n>p2 move strengthsap\n>p1 switch 3\n>p1 move hurricane\n>p2 move willowisp\n>p1 move hurricane\n>p2 move partingshot\n>p2 switch 5\n>p1 switch 4\n>p2 move alluringvoice\n>p1 move willowisp\n>p2 move alluringvoice\n>p1 move weatherball\n>p2 move alluringvoice\n>p1 move weatherball\n>p2 move alluringvoice\n>p1 switch 2\n>p1 move psyshock\n>p2 move alluringvoice\n>p2 switch 6\n>p1 move mysticalfire\n>p2 move aurasphere mega\n>p1 switch 4\n>p1 move earthpower\n>p2 move aurasphere",
	"uploadtime": 1789669302
}