{
	"id": "gen9rpou-3-tlj07m",
	"format": "[Gen 9] RP OU",
	"players": [
		"Bunny Stockfish",
		"SlimeQueenSamantha"
	],
	"rating": null,
	"log": "|j|☆Bunny Stockfish\n|j|☆SlimeQueenSamantha\n|t:|1789678080\n|gametype|singles\n|badge|p1|silver|gen9rpou|2-2\n|badge|p2|gold|gen9rpou|1-1\n|player|p1|Bunny Stockfish|bunny.png|1404\n|player|p2|SlimeQueenSamantha|queen.png|1563\n|gen|9\n|tier|[Gen 9] RP OU\n|rated|\n|rule|HP Percentage Mod: HP is shown in percentages\n|rule|Endless Battle Clause: Forcing endless battles is banned\n|rule|Species Clause: Limit one of each Pokémon\n|rule|OHKO Clause: OHKO moves are banned\n|rule|Evasion Clause: Evasion abilities, items, and moves are banned\n|rule|Evasion Abilities Clause: Evasion abilities are banned\n|rule|Evasion Items Clause: Evasion items are banned\n|rule|Evasion Moves Clause: Evasion moves are banned\n|rule|Sleep Clause Mod: Limit one foe put to sleep\n|clearpoke\n|poke|p1|Lucario|\n|poke|p1|Moltres|\n|poke|p1|Rillaboom|\n|poke|p1|Dragapult|\n|poke|p1|Zamazenta-*|\n|poke|p1|Garchomp|\n|poke|p2|Regieleki|\n|poke|p2|Magearna|\n|poke|p2|Dragonite|\n|poke|p2|Glaceon|\n|poke|p2|Diancie|\n|poke|p2|Garchomp|\n|teampreview\n|c|☆Bunny Stockfish|Good luck! Playing on **stockfish**.\n|\n|t:|1789678082\n|teamsize|p1|6\n|teamsize|p2|6\n|start\n|switch|p1a: Garchomp|Garchomp|100/100\n|switch|p2a: Regieleki|Regieleki|100/100\n|turn|1\n|\n|t:|1789678085\n|-start|p1a: Garchomp|Dynamax|\n|-heal|p1a: Garchomp|100/100|[silent]\n|move|p2a: Regieleki|Reflect|p2a: Regieleki\n|-sidestart|p2: SlimeQueenSamantha|Reflect\n|move|p1a: Garchomp|Max Quake|p2a: Regieleki\n|-supereffective|p2a: Regieleki\n|-damage|p2a: Regieleki|0 fnt\n|-boost|p1a: Garchomp|spd|1\n|faint|p2a: Regieleki\n|\n|upkeep\n|\n|t:|1789678088\n|switch|p2a: Glaceon|Glaceon|100/100\n|-weather|Snowscape|[from] ability: Diamond Dust|[of] p2a: Glaceon\n|turn|2\n|\n|t:|1789678090\n|move|p2a: Glaceon|Aurora Veil|p2a: Glaceon\n|-sidestart|p2: SlimeQueenSamantha|move: Aurora Veil\n|move|p1a: Garchomp|Max Quake|p2a: Glaceon\n|-damage|p2a: Glaceon|77/100\n|-boost|p1a: Garchomp|spd|1\n|\n|-weather|Snowscape|[upkeep]\n|upkeep\n|turn|3\n|\n|t:|1789678094\n|move|p2a: Glaceon|Blizzard|p1a: Garchomp\n|-supereffective|p1a: Garchomp\n|-damage|p1a: Garchomp|26/100\n|-status|p1a: Garchomp|frz\n|-damage|p2a: Glaceon|67/100|[from] item: Life Orb\n|cant|p1a: Garchomp|frz\n|\n|-weather|Snowscape|[upkeep]\n|upkeep\n|-end|p1a: Garchomp|Dynamax\n|-heal|p1a: Garchomp|26/100 frz|[silent]\n|turn|4\n|\n|t:|1789678096\n|switch|p1a: Lucario|Lucario|100/100\n|move|p2a: Glaceon|Blizzard|p1a: Lucario\n|-resisted|p1a: Lucario\n|-damage|p1a: Lucario|39/100\n|-damage|p2a: Glaceon|57/100|[from] item: Life Orb\n|\n|-weather|Snowscape|[upkeep]\n|upkeep\n|turn|5\n|\n|t:|1789678099\n|move|p1a: Lucario|Aura Sphere|p2a: Glaceon\n|-supereffective|p2a: Glaceon\n|-damage|p2a: Glaceon|9/100\n|move|p2a: Glaceon|Earth Power|p1a: Lucario\n|-supereffective|p1a: Lucario\n|-damage|p1a: Lucario|0 fnt\n|faint|p1a: Lucario\n|-damage|p2a: Glaceon|0 fnt|[from] item: Life Orb\n|faint|p2a: Glaceon\n|\n|-weather|Snowscape|[upkeep]\n|upkeep\n|\n|t:|1789678103\n|switch|p1a: Dragapult|Dragapult|100/100\n|switch|p2a: Diancie|Diancie|100/100\n|turn|6\n|\n|t:|1789678107\n|switch|p1a: Rillaboom|Rillaboom|100/100\n|-fieldstart|move: Grassy Terrain|[from] ability: Grassy Surge|[of] p1a: Rillaboom\n|detailschange|p2a: Diancie|Diancie-Mega\n|-mega|p2a: Diancie|Diancie|Diancite\n|move|p2a: Diancie|Moonblast|p1a: Rillaboom\n|-damage|p1a: Rillaboom|30/100\n|\n|-weather|none\n|-heal|p1a: Rillaboom|36/100|[from] Grassy Terrain\n|-sideend|p2: SlimeQueenSamantha|move: Aurora Veil\n|upkeep\n|turn|7\n|\n|t:|1789678112\n|move|p2a: Diancie|Spikes|p1a: Rillaboom\n|-sidestart|p1: Bunny Stockfish|Spikes\n|move|p1a: Rillaboom|Wood Hammer|p2a: Diancie\n|-supereffective|p2a: Diancie\n|-damage|p2a: Diancie|0 fnt\n|faint|p2a: Diancie\n|detailschange|p2: Diancie|Diancie|[silent]\n|-damage|p1a: Rillaboom|10/100|[from] Recoil\n|\n|-heal|p1a: Rillaboom|17/100|[from] Grassy Terrain\n|upkeep\n|\n|t:|1789678117\n|switch|p2a: Magearna|Magearna|100/100\n|turn|8\n|\n|t:|1789678119\n|switch|p1a: Moltres|Moltres|100/100\n|move|p2a: Magearna|Shift Gear|p2a: Magearna\n|-boost|p2a: Magearna|spe|2\n|-boost|p2a: Magearna|atk|1\n|\n|-sideend|p2: SlimeQueenSamantha|Reflect\n|upkeep\n|turn|9\n|\n|t:|1789678121\n|move|p2a: Magearna|Calm Mind|p2a: Magearna\n|-boost|p2a: Magearna|spa|1\n|-boost|p2a: Magearna|spd|1\n|move|p1a: Moltres|Flamethrower|p2a: Magearna\n|-supereffective|p2a: Magearna\n|-damage|p2a: Magearna|47/100\n|-enditem|p2a: Magearna|Weakness Policy\n|-boost|p2a: Magearna|atk|2|[from] item: Weakness Policy\n|-boost|p2a: Magearna|spa|2|[from] item: Weakness Policy\n|\n|-heal|p2a: Magearna|53/100|[from] Grassy Terrain\n|upkeep\n|turn|10\n|\n|t:|1789678127\n|move|p2a: Magearna|Stored Power|p1a: Moltres\n|-damage|p1a: Moltres|0 fnt\n|faint|p1a: Moltres\n|-ability|p2a: Magearna|Soul-Heart|boost\n|-boost|p2a: Magearna|spa|1\n|\n|-heal|p2a: Magearna|59/100|[from] Grassy Terrain\n|-fieldend|move: Grassy Terrain\n|upkeep\n|\n|t:|1789678127\n|switch|p1a: Dragapult|Dragapult|100/100\n|-damage|p1a: Dragapult|88/100|[from] Spikes\n|turn|11\n|\n|t:|1789678130\n|move|p2a: Magearna|Draining Kiss|p1a: Dragapult\n|-supereffective|p1a: Dragapult\n|-damage|p1a: Dragapult|0 fnt\n|-heal|p2a: Magearna|100/100|[from] drain|[of] p1a: Dragapult\n|faint|p1a: Dragapult\n|-ability|p2a: Magearna|Soul-Heart|boost\n|-boost|p2a: Magearna|spa|1\n|\n|upkeep\n|\n|t:|1789678130\n|switch|p1a: Zamazenta|Zamazenta|100/100\n|-damage|p1a: Zamazenta|88/100|[from] Spikes\n|-ability|p1a: Zamazenta|Dauntless Shield|boost\n|-boost|p1a: Zamazenta|def|1\n|turn|12\n|\n|t:|1789678132\n|move|p2a: Magearna|Draining Kiss|p1a: Zamazenta\n|-supereffective|p1a: Zamazenta\n|-damage|p1a: Zamazenta|0 fnt\n|faint|p1a: Zamazenta\n|-ability|p2a: Magearna|Soul-Heart|boost\n|-boost|p2a: Magearna|spa|1\n|\n|upkeep\n|\n|t:|1789678132\n|switch|p1a: Garchomp|Garchomp|26/100 frz\n|-damage|p1a: Garchomp|13/100 frz|[from] Spikes\n|turn|13\n|\n|t:|1789678133\n|move|p2a: Magearna|Draining Kiss|p1a: Garchomp\n|-supereffective|p1a: Garchomp\n|-damage|p1a: Garchomp|0 fnt\n|-damage|p2a: Magearna|88/100|[from] ability: Rough Skin|[of] p1a: Garchomp\n|-damage|p2a: Magearna|72/100|[from] item: Rocky Helmet|[of] p1a: Garchomp\n|faint|p1a: Garchomp\n|\n|upkeep\n|\n|t:|1789678133\n|switch|p1a: Rillaboom|Rillaboom|17/100\n|-damage|p1a: Rillaboom|4/100|[from] Spikes\n|-fieldstart|move: Grassy Terrain|[from] ability: Grassy Surge|[of] p1a: Rillaboom\n|turn|14\n|\n|t:|1789678136\n|move|p2a: Magearna|Draining Kiss|p1a: Rillaboom\n|-damage|p1a: Rillaboom|0 fnt\n|-heal|p2a: Magearna|75/100|[from] drain|[of] p1a: Rillaboom\n|faint|p1a: Rillaboom\n|\n|win|SlimeQueenSamantha\n",
	"inputlog": ">start {\"formatid\":\"gen9rpou\",\"seed\":\"sodium,4603d32737bf2926bddbe1ea7b973ba3\",\"rated\":\"Rated battle\"}\n>player p1 {\"name\":\"Bunny Stockfish\",\"avatar\":\"bunny.png\",\"team\":\"Lucario||ChoiceScarf|InnerFocus|VacuumWave,AuraSphere,FlashCannon,FocusPunch|Timid|4,,,252,,252|N||||,,,,,Fighting]Moltres||HeavyDutyBoots|FlameBody|Flamethrower,Roost,WillOWisp,Roar|Bold|248,,248,,,12|N||||,,,,,Fairy]Rillaboom||ChoiceBand|GrassySurge|GrassyGlide,WoodHammer,Uturn,KnockOff|Adamant|,252,4,,,252|N||||,,,G,,Grass]Dragapult||LifeOrb|Infiltrator|DragonDarts,DracoMeteor,ShadowBall,WillOWisp|Naive|,4,,252,,252|N||||,,,,,Dragon]Zamazenta||Leftovers|DauntlessShield|IronDefense,BodyPress,Crunch,Rest|Jolly|252,,88,,,168|N||||,,,,,Steel]Garchomp||RockyHelmet|RoughSkin|Earthquake,DragonTail,StealthRock,Spikes|Impish|252,,216,,,40|N||||,,,,,Ghost\",\"rating\":1404}\n>player p2 {\"name\":\"SlimeQueenSamantha\",\"avatar\":\"queen.png\",\"team\":\"Regieleki||LightClay|Transistor|LightScreen,Reflect,Explosion,Thunderbolt|Hasty|252,4,,,,252|N||||,,,,,Electric]Magearna||WeaknessPolicy|SoulHeart|CalmMind,ShiftGear,DrainingKiss,StoredPower|Timid|,,4,252,,252|N|,0,,,,|||,,,,,Fire]Dragonite||HeavyDutyBoots|Multiscale|DragonDance,ExtremeSpeed,IceSpinner,Earthquake|Adamant|,252,,,4,252|N||||,,,,,Dragon]Glaceon||LifeOrb|DiamondDust|Blizzard,FreezeDry,AuroraVeil,EarthPower|Modest|,,,252,4,252|N|,0,,,,|||,,,,,Ice]Diancie||Diancite|ClearBody|DiamondStorm,Moonblast,Explosion,Spikes|Hasty|108,,,184,,216|N||||,,,,,Rock]Garchomp||FiriumZ|RoughSkin|SwordsDance,Earthquake,ScaleShot,FireBlast|Naive|,252,,4,,252|N||||,,,,,Dragon\",\"rating\":1563}\n>chat ☆Bunny Stockfish|Good luck! Playing on **stockfish**.\n>p1 team 6, 4, 5, 1, 3, 2\n>p2 team 1, 2, 3, 4, 5, 6\n>p1 move earthquake dynamax\n>p2 move reflect\n>p2 switch 4\n>p1 move earthquake dynamax\n>p2 move auroraveil\n>p1 move earthquake dynamax\n>p2 move blizzard\n>p1 switch 4\n>p2 move blizzard\n>p1 move aurasphere\n>p2 move earthpower\n>p1 switch 2\n>p2 switch 5\n>p1 switch 5\n>p2 move moonblast mega\n>p1 move woodhammer\n>p2 move spikes\n>p2 switch 2\n>p1 switch 6\n>p2 move shiftgear\n>p1 move flamethrower\n>p2 move calmmind\n>p1 move flamethrower\n>p2 move storedpower\n>p1 switch 5\n>p1 move shadowball\n>p2 move drainingkiss\n>p1 switch 3\n>p1 move bodypress\n>p2 move drainingkiss\n>p1 switch 4\n>p1 move earthquake\n>p2 move drainingkiss\n>p1 switch 6\n>p1 move woodhammer\n>p2 move drainingkiss",
	"uploadtime": 1789678136
}