{
	"id": "gen9rpou-2-tlhjsv",
	"format": "[Gen 9] RP OU",
	"players": [
		"Bunny Stockfish",
		"SlimeQueenSamantha"
	],
	"rating": null,
	"log": "|j|☆Bunny Stockfish\n|j|☆SlimeQueenSamantha\n|t:|1789610264\n|gametype|singles\n|player|p1|Bunny Stockfish|bunny.png|1332\n|player|p2|SlimeQueenSamantha|queen.png|1311\n|gen|9\n|tier|[Gen 9] RP OU\n|rated|\n|rule|HP Percentage Mod: HP is shown in percentages\n|rule|Endless Battle Clause: Forcing endless battles is banned\n|rule|Species Clause: Limit one of each Pokémon\n|rule|OHKO Clause: OHKO moves are banned\n|rule|Evasion Clause: Evasion abilities, items, and moves are banned\n|rule|Evasion Abilities Clause: Evasion abilities are banned\n|rule|Evasion Items Clause: Evasion items are banned\n|rule|Evasion Moves Clause: Evasion moves are banned\n|rule|Sleep Clause Mod: Limit one foe put to sleep\n|clearpoke\n|poke|p1|Glimmora|\n|poke|p1|Weezing-Galar|\n|poke|p1|Gholdengo|\n|poke|p1|Kyurem|\n|poke|p1|Zamazenta-*|\n|poke|p1|Cresselia|\n|poke|p2|Spiritomb|\n|poke|p2|Glaceon|\n|poke|p2|Garchomp|\n|poke|p2|Roserade|\n|poke|p2|Togekiss|\n|poke|p2|Lucario|\n|teampreview\n|c|☆Bunny Stockfish|Good luck! Playing on **stockfish**.\n|\n|t:|1789610270\n|teamsize|p1|6\n|teamsize|p2|6\n|start\n|switch|p1a: Zamazenta|Zamazenta|100/100\n|switch|p2a: Garchomp|Garchomp|100/100\n|-ability|p1a: Zamazenta|Dauntless Shield|boost\n|-boost|p1a: Zamazenta|def|1\n|turn|1\n|\n|t:|1789610272\n|move|p1a: Zamazenta|Close Combat|p2a: Garchomp\n|-damage|p2a: Garchomp|49/100\n|-unboost|p1a: Zamazenta|def|1\n|-unboost|p1a: Zamazenta|spd|1\n|-damage|p1a: Zamazenta|88/100|[from] ability: Rough Skin|[of] p2a: Garchomp\n|-damage|p1a: Zamazenta|72/100|[from] item: Rocky Helmet|[of] p2a: Garchomp\n|-damage|p1a: Zamazenta|62/100|[from] item: Life Orb\n|move|p2a: Garchomp|Stealth Rock|p1a: Zamazenta\n|-sidestart|p1: Bunny Stockfish|move: Stealth Rock\n|\n|upkeep\n|turn|2\n|\n|t:|1789610280\n|switch|p2a: Spiritomb|Spiritomb|100/100\n|move|p1a: Zamazenta|Close Combat|p2a: Spiritomb\n|-immune|p2a: Spiritomb\n|\n|upkeep\n|turn|3\n|\n|t:|1789610283\n|switch|p2a: Garchomp|Garchomp|49/100\n|-terastallize|p1a: Zamazenta|Dark\n|move|p1a: Zamazenta|Stone Edge|p2a: Garchomp\n|-resisted|p2a: Garchomp\n|-damage|p2a: Garchomp|35/100\n|-damage|p1a: Zamazenta|52/100|[from] item: Life Orb\n|\n|upkeep\n|turn|4\n|\n|t:|1789610292\n|switch|p2a: Spiritomb|Spiritomb|100/100\n|move|p1a: Zamazenta|Close Combat|p2a: Spiritomb\n|-immune|p2a: Spiritomb\n|\n|upkeep\n|turn|5\n|\n|t:|1789610297\n|move|p1a: Zamazenta|Crunch|p2a: Spiritomb\n|-damage|p2a: Spiritomb|63/100\n|-damage|p1a: Zamazenta|42/100|[from] item: Life Orb\n|move|p2a: Spiritomb|Will-O-Wisp|p1a: Zamazenta\n|-status|p1a: Zamazenta|brn\n|\n|-heal|p2a: Spiritomb|69/100|[from] item: Leftovers\n|-damage|p1a: Zamazenta|36/100 brn|[from] brn\n|upkeep\n|turn|6\n|\n|t:|1789610302\n|move|p1a: Zamazenta|Crunch|p2a: Spiritomb\n|-damage|p2a: Spiritomb|49/100\n|-damage|p1a: Zamazenta|26/100 brn|[from] item: Life Orb\n|move|p2a: Spiritomb|Strength Sap|p1a: Zamazenta\n|-unboost|p1a: Zamazenta|atk|1\n|-heal|p2a: Spiritomb|100/100\n|\n|-damage|p1a: Zamazenta|20/100 brn|[from] brn\n|upkeep\n|turn|7\n|\n|t:|1789610305\n|switch|p2a: Garchomp|Garchomp|35/100\n|move|p1a: Zamazenta|Crunch|p2a: Garchomp\n|-damage|p2a: Garchomp|24/100\n|-damage|p1a: Zamazenta|8/100 brn|[from] ability: Rough Skin|[of] p2a: Garchomp\n|-damage|p1a: Zamazenta|0 fnt|[from] item: Rocky Helmet|[of] p2a: Garchomp\n|faint|p1a: Zamazenta\n|\n|upkeep\n|\n|t:|1789610306\n|switch|p1a: Kyurem|Kyurem|100/100\n|-damage|p1a: Kyurem|76/100|[from] Stealth Rock\n|-ability|p1a: Kyurem|Pressure\n|turn|8\n|\n|t:|1789610314\n|-start|p1a: Kyurem|Dynamax|\n|-heal|p1a: Kyurem|76/100|[silent]\n|move|p1a: Kyurem|Max Hailstorm|p2a: Garchomp\n|-supereffective|p2a: Garchomp\n|-damage|p2a: Garchomp|0 fnt\n|-weather|Hail\n|faint|p2a: Garchomp\n|\n|-weather|Hail|[upkeep]\n|upkeep\n|\n|t:|1789610334\n|switch|p2a: Lucario|Lucario|100/100\n|turn|9\n|\n|t:|1789610337\n|detailschange|p2a: Lucario|Lucario-Mega-Z\n|-mega|p2a: Lucario|Lucario|Lucarionite Z\n|move|p2a: Lucario|Aura Sphere|p1a: Kyurem\n|-supereffective|p1a: Kyurem\n|-damage|p1a: Kyurem|31/100\n|move|p1a: Kyurem|Max Quake|p2a: Lucario\n|-supereffective|p2a: Lucario\n|-damage|p2a: Lucario|0 fnt\n|-boost|p1a: Kyurem|spd|1\n|faint|p2a: Lucario\n|detailschange|p2: Lucario|Lucario|[silent]\n|\n|-weather|Hail|[upkeep]\n|upkeep\n|\n|t:|1789610347\n|switch|p2a: Togekiss|Togekiss|100/100\n|turn|10\n|\n|t:|1789610349\n|-end|p1a: Kyurem|Dynamax\n|-heal|p1a: Kyurem|31/100|[silent]\n|switch|p1a: Glimmora|Glimmora|100/100\n|-damage|p1a: Glimmora|88/100|[from] Stealth Rock\n|move|p2a: Togekiss|Alluring Voice|p1a: Glimmora\n|-resisted|p1a: Glimmora\n|-damage|p1a: Glimmora|67/100\n|-enditem|p1a: Glimmora|Red Card|[of] p2a: Togekiss\n|drag|p2a: Spiritomb|Spiritomb|100/100\n|\n|-weather|Hail|[upkeep]\n|-damage|p1a: Glimmora|61/100|[from] Hail\n|-damage|p2a: Spiritomb|94/100|[from] Hail\n|-heal|p2a: Spiritomb|100/100|[from] item: Leftovers\n|upkeep\n|turn|11\n|\n|t:|1789610362\n|switch|p2a: Roserade|Roserade|100/100\n|-ability|p2a: Roserade|Masquerade\n|-start|p1a: Glimmora|move: Taunt\n|cant|p1a: Glimmora|move: Taunt|Stealth Rock\n|\n|-weather|Hail|[upkeep]\n|-damage|p2a: Roserade|94/100|[from] Hail\n|-damage|p1a: Glimmora|55/100|[from] Hail\n|upkeep\n|turn|12\n|\n|t:|1789610373\n|switch|p1a: Gholdengo|Gholdengo|100/100\n|-damage|p1a: Gholdengo|94/100|[from] Stealth Rock\n|move|p2a: Roserade|Nasty Plot|p2a: Roserade\n|-boost|p2a: Roserade|spa|2\n|\n|-weather|none\n|upkeep\n|turn|13\n|\n|t:|1789610379\n|move|p1a: Gholdengo|Make It Rain|p2a: Roserade\n|-damage|p2a: Roserade|17/100\n|-unboost|p1a: Gholdengo|spa|1\n|move|p2a: Roserade|Oxidize|p1a: Gholdengo\n|-damage|p1a: Gholdengo|18/100\n|\n|upkeep\n|turn|14\n|\n|t:|1789610404\n|move|p1a: Gholdengo|Make It Rain|p2a: Roserade\n|-damage|p2a: Roserade|0 fnt\n|-unboost|p1a: Gholdengo|spa|1\n|faint|p2a: Roserade\n|\n|upkeep\n|\n|t:|1789610409\n|switch|p2a: Togekiss|Togekiss|100/100\n|turn|15\n|\n|t:|1789610411\n|switch|p1a: Cresselia|Cresselia|100/100\n|-damage|p1a: Cresselia|88/100|[from] Stealth Rock\n|move|p2a: Togekiss|Air Slash|p1a: Cresselia\n|-damage|p1a: Cresselia|66/100\n|\n|-heal|p1a: Cresselia|72/100|[from] item: Leftovers\n|upkeep\n|turn|16\n|\n|t:|1789610413\n|move|p2a: Togekiss|Air Slash|p1a: Cresselia\n|-damage|p1a: Cresselia|51/100\n|move|p1a: Cresselia|Calm Mind|p1a: Cresselia\n|-boost|p1a: Cresselia|spa|1\n|-boost|p1a: Cresselia|spd|1\n|\n|-heal|p1a: Cresselia|57/100|[from] item: Leftovers\n|upkeep\n|turn|17\n|\n|t:|1789610415\n|move|p2a: Togekiss|Air Slash|p1a: Cresselia\n|-damage|p1a: Cresselia|41/100\n|move|p1a: Cresselia|Calm Mind|p1a: Cresselia\n|-boost|p1a: Cresselia|spa|1\n|-boost|p1a: Cresselia|spd|1\n|\n|-heal|p1a: Cresselia|47/100|[from] item: Leftovers\n|upkeep\n|turn|18\n|\n|t:|1789610417\n|move|p2a: Togekiss|Air Slash|p1a: Cresselia\n|-damage|p1a: Cresselia|36/100\n|move|p1a: Cresselia|Calm Mind|p1a: Cresselia\n|-boost|p1a: Cresselia|spa|1\n|-boost|p1a: Cresselia|spd|1\n|\n|-heal|p1a: Cresselia|42/100|[from] item: Leftovers\n|upkeep\n|turn|19\n|\n|t:|1789610418\n|move|p2a: Togekiss|Air Slash|p1a: Cresselia\n|-damage|p1a: Cresselia|32/100\n|cant|p1a: Cresselia|flinch\n|\n|-heal|p1a: Cresselia|39/100|[from] item: Leftovers\n|upkeep\n|turn|20\n|\n|t:|1789610420\n|move|p2a: Togekiss|Air Slash|p1a: Cresselia\n|-damage|p1a: Cresselia|29/100\n|cant|p1a: Cresselia|flinch\n|\n|-heal|p1a: Cresselia|35/100|[from] item: Leftovers\n|upkeep\n|turn|21\n|\n|t:|1789610422\n|move|p2a: Togekiss|Air Slash|p1a: Cresselia\n|-damage|p1a: Cresselia|26/100\n|cant|p1a: Cresselia|flinch\n|\n|-heal|p1a: Cresselia|32/100|[from] item: Leftovers\n|upkeep\n|turn|22\n|\n|t:|1789610424\n|move|p2a: Togekiss|Air Slash|p1a: Cresselia\n|-damage|p1a: Cresselia|24/100\n|cant|p1a: Cresselia|flinch\n|\n|-heal|p1a: Cresselia|30/100|[from] item: Leftovers\n|upkeep\n|turn|23\n|\n|t:|1789610426\n|move|p2a: Togekiss|Air Slash|p1a: Cresselia\n|-damage|p1a: Cresselia|21/100\n|cant|p1a: Cresselia|flinch\n|\n|-heal|p1a: Cresselia|27/100|[from] item: Leftovers\n|upkeep\n|turn|24\n|\n|t:|1789610428\n|move|p2a: Togekiss|Air Slash|p1a: Cresselia\n|-damage|p1a: Cresselia|18/100\n|move|p1a: Cresselia|Stored Power|p2a: Togekiss\n|-damage|p2a: Togekiss|4/100\n|\n|-heal|p1a: Cresselia|24/100|[from] item: Leftovers\n|upkeep\n|turn|25\n|\n|t:|1789610430\n|move|p2a: Togekiss|Air Slash|p1a: Cresselia\n|-damage|p1a: Cresselia|15/100\n|cant|p1a: Cresselia|flinch\n|\n|-heal|p1a: Cresselia|21/100|[from] item: Leftovers\n|upkeep\n|turn|26\n|\n|t:|1789610431\n|move|p2a: Togekiss|Air Slash|p1a: Cresselia\n|-damage|p1a: Cresselia|12/100\n|cant|p1a: Cresselia|flinch\n|\n|-heal|p1a: Cresselia|19/100|[from] item: Leftovers\n|upkeep\n|turn|27\n|\n|t:|1789610434\n|move|p2a: Togekiss|Air Slash|p1a: Cresselia\n|-crit|p1a: Cresselia\n|-damage|p1a: Cresselia|0 fnt\n|faint|p1a: Cresselia\n|\n|upkeep\n|\n|t:|1789610435\n|switch|p1a: Gholdengo|Gholdengo|18/100\n|-damage|p1a: Gholdengo|12/100|[from] Stealth Rock\n|turn|28\n|\n|t:|1789610436\n|move|p2a: Togekiss|Air Slash|p1a: Gholdengo\n|-resisted|p1a: Gholdengo\n|-damage|p1a: Gholdengo|0 fnt\n|faint|p1a: Gholdengo\n|\n|upkeep\n|\n|t:|1789610436\n|switch|p1a: Kyurem|Kyurem|31/100\n|-damage|p1a: Kyurem|6/100|[from] Stealth Rock\n|-ability|p1a: Kyurem|Pressure\n|turn|29\n|\n|t:|1789610438\n|move|p2a: Togekiss|Air Slash|p1a: Kyurem\n|-damage|p1a: Kyurem|0 fnt\n|faint|p1a: Kyurem\n|\n|upkeep\n|\n|t:|1789610438\n|switch|p1a: Weezing|Weezing-Galar|100/100\n|-ability|p1a: Weezing|Neutralizing Gas\n|-damage|p1a: Weezing|88/100|[from] Stealth Rock\n|turn|30\n|\n|t:|1789610440\n|move|p2a: Togekiss|Air Slash|p1a: Weezing\n|-damage|p1a: Weezing|39/100\n|move|p1a: Weezing|Sludge Bomb|p2a: Togekiss\n|-supereffective|p2a: Togekiss\n|-damage|p2a: Togekiss|0 fnt\n|faint|p2a: Togekiss\n|\n|-heal|p1a: Weezing|45/100|[from] item: Leftovers\n|upkeep\n|\n|t:|1789610443\n|switch|p2a: Glaceon|Glaceon|100/100\n|turn|31\n|\n|t:|1789610448\n|-terastallize|p2a: Glaceon|Ice\n|move|p2a: Glaceon|Blizzard|p1a: Weezing\n|-damage|p1a: Weezing|0 fnt\n|faint|p1a: Weezing\n|-end|p1a: Weezing|ability: Neutralizing Gas\n|-weather|Snowscape|[from] ability: Diamond Dust|[of] p2a: Glaceon\n|-damage|p2a: Glaceon|91/100|[from] item: Life Orb\n|\n|-weather|Snowscape|[upkeep]\n|upkeep\n|\n|t:|1789610448\n|switch|p1a: Glimmora|Glimmora|55/100\n|-damage|p1a: Glimmora|42/100|[from] Stealth Rock\n|turn|32\n|\n|t:|1789610450\n|move|p2a: Glaceon|Blizzard|p1a: Glimmora\n|-damage|p1a: Glimmora|0 fnt\n|faint|p1a: Glimmora\n|-damage|p2a: Glaceon|81/100|[from] item: Life Orb\n|\n|win|SlimeQueenSamantha\n",
	"inputlog": ">start {\"formatid\":\"gen9rpou\",\"seed\":\"sodium,23cf3df93650f8ebfecb4a1792e8f1f1\",\"rated\":\"Rated battle\"}\n>player p1 {\"name\":\"Bunny Stockfish\",\"avatar\":\"bunny.png\",\"team\":\"Glimmora||RedCard|Corrosion|StealthRock,MortalSpin,EarthPower,Spikes|Bold|252,,252,,4,|N||||,,,,,Ghost]Weezing|WeezingGalar|Leftovers|NeutralizingGas|Defog,WillOWisp,PainSplit,SludgeBomb|Bold|252,,252,,4,|N||||,,,,,Ghost]Gholdengo||ChoiceScarf|GoodasGold|ShadowBall,MakeItRain,Trick,Recover|Timid|,,,252,4,252|N||||,,,,,Ghost]Kyurem||NeverMeltIce|Pressure|DragonDance,IcicleSpear,EarthPower,FreezeDry|Hasty|,168,,88,,252|N||||,,,,,Ice]Zamazenta||LifeOrb|DauntlessShield|CloseCombat,Crunch,HeavySlam,StoneEdge|Jolly|,252,,,4,252|N||||,,,,,Dark]Cresselia||Leftovers|Levitate|CalmMind,StoredPower,Moonblast,Moonlight|Bold|252,,204,,,52|N||||,,,,,Poison\",\"rating\":1332}\n>player p2 {\"name\":\"SlimeQueenSamantha\",\"avatar\":\"queen.png\",\"team\":\"Spiritomb||Leftovers|KeystoneLegion|SoulToll,StrengthSap,PartingShot,WillOWisp|Calm|252,,4,,252,|N||||,,,,,Ghost]Glaceon||LifeOrb|DiamondDust|Blizzard,FreezeDry,AuroraVeil,EarthPower|Modest|,,4,252,,252|N|,0,,,,|||,,,,,Ice]Garchomp||RockyHelmet|RoughSkin|Earthquake,DragonTail,StealthRock,Spikes|Impish|252,,216,,,40|N||||,,,,,Ghost]Roserade||HeavyDutyBoots|Masquerade|ThornedBouquet,Oxidize,NastyPlot,MortalSpin|Timid|,,,252,4,252|N||||,,,,,Grass]Togekiss||ChoiceScarf|SereneGrace|AirSlash,Uturn,AlluringVoice,Flamethrower|Timid|,,,252,4,252|N||||,,,,,Fairy]Lucario||LucarioniteZ|Steadfast|NastyPlot,AuraSphere,HiddenPowerIce,DarkPulse|Timid|,,,252,,252|N|,0,,,,|||,Ice,,,,Fighting\",\"rating\":1311}\n>chat ☆Bunny Stockfish|Good luck! Playing on **stockfish**.\n>p1 team 5, 4, 3, 6, 1, 2\n>p2 team 3, 2, 1, 4, 5, 6\n>p1 move closecombat\n>p2 move stealthrock\n>p1 move closecombat\n>p2 switch 3\n>p1 move stoneedge terastallize\n>p2 switch 3\n>p1 move closecombat\n>p2 switch 3\n>p1 move crunch\n>p2 move willowisp\n>p1 move crunch\n>p2 move strengthsap\n>p1 move crunch\n>p2 switch 3\n>p1 switch 2\n>p1 move freezedry dynamax\n>p2 move spikes\n>p2 switch 6\n>p1 move earthpower dynamax\n>p2 move aurasphere mega\n>p2 switch 5\n>p1 switch 5\n>p2 move alluringvoice\n>p1 move stealthrock\n>p2 switch 4\n>p1 switch 3\n>p2 move nastyplot\n>p1 move makeitrain\n>p2 move oxidize\n>p1 move makeitrain\n>p2 move oxidize\n>p2 switch 3\n>p1 switch 4\n>p2 move airslash\n>p1 move calmmind\n>p2 move airslash\n>p1 move calmmind\n>p2 move airslash\n>p1 move calmmind\n>p2 move airslash\n>p1 move storedpower\n>p2 move airslash\n>p1 move storedpower\n>p2 move airslash\n>p1 move storedpower\n>p2 move airslash\n>p1 move storedpower\n>p2 move airslash\n>p1 move storedpower\n>p2 move airslash\n>p1 move storedpower\n>p2 move airslash\n>p1 move storedpower\n>p2 move airslash\n>p1 move storedpower\n>p2 move airslash\n>p1 move storedpower\n>p2 move airslash\n>p1 switch 4\n>p1 move makeitrain\n>p2 move airslash\n>p1 switch 5\n>p1 move freezedry\n>p2 move airslash\n>p1 switch 6\n>p1 move sludgebomb\n>p2 move airslash\n>p2 switch 2\n>p1 move sludgebomb\n>p2 move blizzard terastallize\n>p1 switch 3\n>p1 move earthpower\n>p2 move blizzard",
	"uploadtime": 1789610450
}