{
	"id": "gen9rpbattle-4-tm7n89",
	"format": "[Gen 9] RP Battle",
	"players": [
		"rock hard cock har",
		"simia ignis"
	],
	"rating": null,
	"log": "|j|☆rock hard cock har\n|j|☆simia ignis\n|t:|1790827621\n|gametype|singles\n|player|p1|rock hard cock har|169|\n|player|p2|simia ignis|simia-ignis.png|\n|gen|9\n|tier|[Gen 9] RP Battle\n|clearpoke\n|poke|p1|Pupitar, L34, F|\n|poke|p1|Rockruff, L34, F|\n|poke|p1|Barbaracle-Mega, L34, F|\n|poke|p1|Naclstack, L34, F|\n|poke|p1|Growlithe-Hisui, L34, M|\n|poke|p1|Iron Boulder, L36|\n|poke|p2|Flutter Mane, L23|\n|poke|p2|Banette, L23, M|\n|poke|p2|Horsea, L23, M|\n|poke|p2|Monferno, L23, F|\n|poke|p2|Whimsicott, L23, F|\n|poke|p2|Smeargle, L23, F|\n|teampreview\n|inactive|Battle timer is ON: inactive players will automatically lose when time's up. (requested by rock hard cock har)\n|c|☆rock hard cock har|🔒 Z-Moves, Dynamax, Terastallization are locked until the story gives TTR the item; the battle won't allow them.\n|c|☆rock hard cock har|Your Showdown team must match your box: only Pokémon you own, at or below their box level, or the battle is called off.\n|c|☆rock hard cock har|Let's see what you've got!\n|n|☆rock hard cock har|rockhardcockhar\n|\n|t:|1790827632\n|teamsize|p1|6\n|teamsize|p2|6\n|start\n|switch|p1a: Pupitar|Pupitar, L34, F|100/100\n|switch|p2a: Whimsicott|Whimsicott, L23, F|100/100\n|turn|1\n|\n|t:|1790827636\n|switch|p1a: Barbaracle|Barbaracle-Mega, L34, F|100/100\n|move|p2a: Whimsicott|Spore|p1a: Barbaracle\n|-status|p1a: Barbaracle|slp|[from] move: Spore\n|\n|upkeep\n|turn|2\n|\n|t:|1790827639\n|cant|p1a: Barbaracle|slp\n|move|p2a: Whimsicott|Moonblast|p1a: Barbaracle\n|-supereffective|p1a: Barbaracle\n|-damage|p1a: Barbaracle|64/100 slp\n|\n|upkeep\n|turn|3\n|\n|t:|1790827643\n|cant|p1a: Barbaracle|slp\n|move|p2a: Whimsicott|Moonblast|p1a: Barbaracle\n|-supereffective|p1a: Barbaracle\n|-damage|p1a: Barbaracle|32/100 slp\n|\n|upkeep\n|turn|4\n|\n|t:|1790827645\n|cant|p1a: Barbaracle|slp\n|move|p2a: Whimsicott|Moonblast|p1a: Barbaracle\n|-supereffective|p1a: Barbaracle\n|-crit|p1a: Barbaracle\n|-damage|p1a: Barbaracle|0 fnt\n|faint|p1a: Barbaracle\n|\n|upkeep\n|\n|t:|1790827646\n|switch|p1a: Growlithe|Growlithe-Hisui, L34, M|100/100\n|turn|5\n|\n|t:|1790827650\n|move|p2a: Whimsicott|Spore|p1a: Growlithe\n|-status|p1a: Growlithe|slp|[from] move: Spore\n|cant|p1a: Growlithe|slp\n|\n|upkeep\n|turn|6\n|\n|t:|1790827660\n|move|p2a: Whimsicott|Moonblast|p1a: Growlithe\n|-resisted|p1a: Growlithe\n|-damage|p1a: Growlithe|83/100 slp\n|cant|p1a: Growlithe|slp\n|\n|upkeep\n|turn|7\n|\n|t:|1790827665\n|switch|p2a: Monferno|Monferno, L23, F|100/100\n|cant|p1a: Growlithe|slp\n|\n|upkeep\n|turn|8\n|\n|t:|1790827668\n|move|p2a: Monferno|Close Combat|p1a: Growlithe\n|-supereffective|p1a: Growlithe\n|-damage|p1a: Growlithe|0 fnt\n|-unboost|p2a: Monferno|def|1\n|-unboost|p2a: Monferno|spd|1\n|faint|p1a: Growlithe\n|\n|upkeep\n|\n|t:|1790827669\n|switch|p1a: Iron Boulder|Iron Boulder, L36|100/100\n|-enditem|p1a: Iron Boulder|Booster Energy\n|-activate|p1a: Iron Boulder|ability: Quark Drive|[fromitem]\n|-start|p1a: Iron Boulder|quarkdriveatk\n|turn|9\n|\n|t:|1790827673\n|switch|p2a: Whimsicott|Whimsicott, L23, F|100/100\n|move|p1a: Iron Boulder|Mighty Cleave|p2a: Whimsicott\n|-enditem|p2a: Whimsicott|Focus Sash\n|-damage|p2a: Whimsicott|2/100\n|\n|upkeep\n|turn|10\n|\n|t:|1790827675\n|move|p2a: Whimsicott|Spore|p1a: Iron Boulder\n|-status|p1a: Iron Boulder|slp|[from] move: Spore\n|cant|p1a: Iron Boulder|slp\n|\n|upkeep\n|turn|11\n|\n|t:|1790827680\n|switch|p2a: Horsea|Horsea, L23, M|100/100\n|cant|p1a: Iron Boulder|slp\n|\n|upkeep\n|turn|12\n|\n|t:|1790827682\n|cant|p1a: Iron Boulder|slp\n|move|p2a: Horsea|Surf|p1a: Iron Boulder\n|-supereffective|p1a: Iron Boulder\n|-damage|p1a: Iron Boulder|75/100 slp\n|\n|upkeep\n|turn|13\n|\n|t:|1790827684\n|-curestatus|p1a: Iron Boulder|slp|[msg]\n|move|p1a: Iron Boulder|Mighty Cleave|p2a: Horsea\n|-damage|p2a: Horsea|0 fnt\n|faint|p2a: Horsea\n|\n|upkeep\n|\n|t:|1790827688\n|switch|p2a: Whimsicott|Whimsicott, L23, F|2/100\n|turn|14\n|\n|t:|1790827690\n|move|p2a: Whimsicott|Spore|p1a: Iron Boulder\n|-status|p1a: Iron Boulder|slp|[from] move: Spore\n|cant|p1a: Iron Boulder|slp\n|\n|upkeep\n|turn|15\n|\n|t:|1790827691\n|cant|p1a: Iron Boulder|slp\n|move|p2a: Whimsicott|Moonblast|p1a: Iron Boulder\n|-damage|p1a: Iron Boulder|61/100 slp\n|-unboost|p1a: Iron Boulder|spa|1\n|\n|upkeep\n|turn|16\n|\n|t:|1790827694\n|cant|p1a: Iron Boulder|slp\n|move|p2a: Whimsicott|Moonblast|p1a: Iron Boulder\n|-crit|p1a: Iron Boulder\n|-damage|p1a: Iron Boulder|38/100 slp\n|\n|upkeep\n|turn|17\n|\n|t:|1790827700\n|-curestatus|p1a: Iron Boulder|slp|[msg]\n|move|p1a: Iron Boulder|Mighty Cleave|p2a: Whimsicott\n|-damage|p2a: Whimsicott|0 fnt\n|faint|p2a: Whimsicott\n|\n|upkeep\n|\n|t:|1790827703\n|switch|p2a: Smeargle|Smeargle, L23, F|100/100\n|turn|18\n|\n|t:|1790827705\n|move|p1a: Iron Boulder|Mighty Cleave|p2a: Smeargle\n|-enditem|p2a: Smeargle|Focus Sash\n|-damage|p2a: Smeargle|2/100\n|move|p2a: Smeargle|Spore|p1a: Iron Boulder\n|-status|p1a: Iron Boulder|slp|[from] move: Spore\n|\n|-ability|p2a: Smeargle|Moody|boost\n|-boost|p2a: Smeargle|spd|2\n|-unboost|p2a: Smeargle|atk|1\n|upkeep\n|turn|19\n|\n|t:|1790827713\n|switch|p2a: Flutter Mane|Flutter Mane, L23, shiny|100/100\n|-enditem|p2a: Flutter Mane|Booster Energy\n|-activate|p2a: Flutter Mane|ability: Protosynthesis|[fromitem]\n|-start|p2a: Flutter Mane|protosynthesisspa\n|cant|p1a: Iron Boulder|slp\n|\n|upkeep\n|turn|20\n|\n|t:|1790827716\n|cant|p1a: Iron Boulder|slp\n|move|p2a: Flutter Mane|Shadow Ball|p1a: Iron Boulder\n|-supereffective|p1a: Iron Boulder\n|-damage|p1a: Iron Boulder|0 fnt\n|faint|p1a: Iron Boulder\n|-end|p1a: Iron Boulder|Quark Drive|[silent]\n|\n|upkeep\n|\n|t:|1790827716\n|switch|p1a: Pupitar|Pupitar, L34, F|100/100\n|turn|21\n|\n|t:|1790827719\n|move|p2a: Flutter Mane|Moonblast|p1a: Pupitar\n|-damage|p1a: Pupitar|44/100\n|move|p1a: Pupitar|Stone Edge|p2a: Flutter Mane\n|-damage|p2a: Flutter Mane|0 fnt\n|faint|p2a: Flutter Mane\n|-end|p2a: Flutter Mane|Protosynthesis|[silent]\n|\n|upkeep\n|\n|t:|1790827721\n|switch|p2a: Monferno|Monferno, L23, F|100/100\n|turn|22\n|\n|t:|1790827723\n|move|p1a: Pupitar|Stone Edge|p2a: Monferno\n|-damage|p2a: Monferno|0 fnt\n|faint|p2a: Monferno\n|\n|upkeep\n|\n|t:|1790827726\n|switch|p2a: Banette|Banette, L23, M, shiny|100/100\n|turn|23\n|\n|t:|1790827731\n|detailschange|p2a: Banette|Banette-Mega-Halloween, L23, M, shiny\n|-mega|p2a: Banette|Banette|Banettite-Halloween\n|-ability|p2a: Banette|Witching Hour\n|-message|The Witching Hour has struck! Banette's tricks can't be stopped, not even by Dark types!\n|-message|Banette's Poltergeist became Witch's Snatch!\n|move|p1a: Pupitar|Crunch|p2a: Banette\n|-damage|p2a: Banette|51/100\n|-unboost|p2a: Banette|def|1\n|move|p2a: Banette|Witch's Snatch|p1a: Pupitar\n|-damage|p1a: Pupitar|0 fnt\n|-enditem|p1a: Pupitar|Smooth Rock|[from] move: Witch's Snatch|[of] p2a: Banette\n|faint|p1a: Pupitar\n|\n|upkeep\n|\n|t:|1790827731\n|switch|p1a: Naclstack|Naclstack, L34, F|100/100\n|turn|24\n|\n|t:|1790827737\n|switch|p1a: Rockruff|Rockruff, L34, F|100/100\n|move|p2a: Banette|Witch's Snatch|p1a: Rockruff\n|-damage|p1a: Rockruff|0 fnt\n|-enditem|p1a: Rockruff|Life Orb|[from] move: Witch's Snatch|[of] p2a: Banette\n|faint|p1a: Rockruff\n|\n|upkeep\n|\n|t:|1790827737\n|switch|p1a: Naclstack|Naclstack, L34, F|100/100\n|turn|25\n|\n|t:|1790827740\n|move|p2a: Banette|Carrion Feast|p1a: Naclstack\n|-damage|p1a: Naclstack|70/100\n|-heal|p2a: Banette|72/100|[from] drain|[of] p1a: Naclstack\n|move|p1a: Naclstack|Iron Defense|p1a: Naclstack\n|-boost|p1a: Naclstack|def|2\n|\n|-heal|p1a: Naclstack|75/100|[from] item: Leftovers\n|upkeep\n|turn|26\n|\n|t:|1790827748\n|move|p2a: Banette|Swords Dance|p2a: Banette\n|-boost|p2a: Banette|atk|2\n|move|p1a: Naclstack|Recover|p1a: Naclstack\n|-heal|p1a: Naclstack|100/100\n|\n|upkeep\n|turn|27\n|\n|t:|1790827751\n|move|p2a: Banette|Witch's Snatch|p1a: Naclstack\n|-damage|p1a: Naclstack|51/100\n|-enditem|p1a: Naclstack|Leftovers|[from] move: Witch's Snatch|[of] p2a: Banette\n|-start|p1a: Naclstack|typeadd|Ghost|[from] move: Witch's Snatch\n|move|p1a: Naclstack|Recover|p1a: Naclstack\n|-heal|p1a: Naclstack|100/100\n|\n|upkeep\n|turn|28\n|\n|t:|1790827753\n|move|p2a: Banette|Witch's Snatch|p1a: Naclstack\n|-supereffective|p1a: Naclstack\n|-damage|p1a: Naclstack|26/100\n|move|p1a: Naclstack|Iron Defense|p1a: Naclstack\n|-boost|p1a: Naclstack|def|2\n|\n|upkeep\n|turn|29\n|\n|t:|1790827755\n|move|p2a: Banette|Witch's Snatch|p1a: Naclstack\n|-supereffective|p1a: Naclstack\n|-damage|p1a: Naclstack|0 fnt\n|faint|p1a: Naclstack\n|\n|win|simia ignis\n",
	"inputlog": ">start {\"formatid\":\"gen9rpbattle\",\"seed\":\"sodium,687209d10d11185fb09599ba69c8c6fd\"}\n>player p1 {\"name\":\"rock hard cock har\",\"avatar\":\"169\",\"team\":\"Pupitar||SmoothRock|ShedSkin|Crunch,StoneEdge,StealthRock,Pursuit|Naive|20,20,20,20,20,20||14,14,14,14,14,14||34|]Rockruff||LifeOrb|KeenEye|CragHammer,PlayRough,RockSlide,Roar|Bold|20,20,20,20,20,20||14,14,14,14,14,14||34|]Barbaracle-Mega||Barbaracite|ToughClaws|ShellSmash,CragHammer,Liquidation,LowKick|Bold|20,20,20,20,20,20||14,14,14,14,14,14||34|]Naclstack||Leftovers|PurifyingSalt|SaltCure,IronDefense,BodyPress,Recover|Mild|20,20,20,20,20,20||14,14,14,14,14,14||34|]Growlithe-Hisui||ChoiceBand|RockHead|HeadSmash,CloseCombat,FlareBlitz,Crunch|Quirky|20,20,20,20,20,20||14,14,14,14,14,14||34|]Iron Boulder||BoosterEnergy|QuarkDrive|MightyCleave,CloseCombat,Earthquake,SwordsDance|Quiet|20,20,20,20,20,20||14,14,14,14,14,14||36|\",\"rating\":0}\n>player p2 {\"name\":\"simia ignis\",\"avatar\":\"simia-ignis.png\",\"team\":\"Flutter Mane||BoosterEnergy|Protosynthesis|Moonblast,ShadowBall,MysticalFire,CalmMind|||||S|23|]Banette||BanettiteHalloween|Prankster|SwordsDance,CarrionFeast,Poltergeist,PartingShot|||||S|23|]Horsea||Eviolite|Damp|Rest,Toxic,Surf,IceBeam||||||23|]Monferno||ChoiceBand|KindlingCrown|FlareBlitz,Uturn,CloseCombat,ThunderPunch||||||23|]Whimsicott||FocusSash|Prankster|Spore,Encore,Moonblast,Taunt||||||23|]Smeargle||FocusSash|Moody|Substitute,BatonPass,Spore,ShellSmash||||||23|\",\"rating\":0}\n>chat ☆rock hard cock har|🔒 Z-Moves, Dynamax, Terastallization are locked until the story gives TTR the item; the battle won't allow them.\n>chat ☆rock hard cock har|Your Showdown team must match your box: only Pokémon you own, at or below their box level, or the battle is called off.\n>chat ☆rock hard cock har|Let's see what you've got!\n>p1 team 1, 6, 3, 2, 5, 4\n>p2 team 5, 2, 3, 4, 1, 6\n>p1 switch 3\n>p2 move spore\n>p1 move craghammer\n>p2 move moonblast\n>p1 move craghammer\n>p2 move moonblast\n>p1 move craghammer\n>p2 move moonblast\n>p1 switch 5\n>p1 move flareblitz\n>p2 move spore\n>p1 move flareblitz\n>p2 move moonblast\n>p1 move flareblitz\n>p2 switch 4\n>p1 move closecombat\n>p2 move closecombat\n>p1 switch 2\n>p1 move mightycleave\n>p2 switch 4\n>p1 move mightycleave\n>p2 move spore\n>p1 move mightycleave\n>p2 switch 3\n>p1 move mightycleave\n>p2 move surf\n>p1 move mightycleave\n>p2 move surf\n>p2 switch 3\n>p1 move mightycleave\n>p2 move spore\n>p1 move mightycleave\n>p2 move moonblast\n>p1 move mightycleave\n>p2 move moonblast\n>p1 move mightycleave\n>p2 move moonblast\n>p2 switch 6\n>p1 move mightycleave\n>p2 move spore\n>p1 move mightycleave\n>p2 switch 5\n>p1 move mightycleave\n>p2 move shadowball\n>p1 switch 3\n>p1 move stoneedge\n>p2 move moonblast\n>p2 switch 4\n>p1 move stoneedge\n>p2 move closecombat\n>p2 switch 2\n>p1 move crunch\n>p2 move poltergeist mega\n>p1 switch 6\n>p1 switch 4\n>p2 move witchssnatch\n>p1 switch 4\n>p1 move irondefense\n>p2 move carrionfeast\n>p1 move recover\n>p2 move swordsdance\n>p1 move recover\n>p2 move witchssnatch\n>p1 move irondefense\n>p2 move witchssnatch\n>p1 move recover\n>p2 move witchssnatch",
	"uploadtime": 1790827755
}