{
	"id": "gen9rprandombattle-2-tlw1b3",
	"format": "[Gen 9] RP Random Battle",
	"players": [
		"Bunny Stockfish",
		"SlimeQueenSamantha"
	],
	"rating": null,
	"log": "|j|☆Bunny Stockfish\n|j|☆SlimeQueenSamantha\n|t:|1790295786\n|gametype|singles\n|badge|p1|gold|gen9rprandombattle|1-1\n|player|p1|Bunny Stockfish|bunny.png|1356\n|player|p2|SlimeQueenSamantha|queen.png|1228\n|gen|9\n|tier|[Gen 9] RP Random Battle\n|rated|\n|rule|Species Clause: Limit one of each Pokémon\n|rule|HP Percentage Mod: HP is shown in percentages\n|rule|Sleep Clause Mod: Limit one foe put to sleep\n|rule|Illusion Level Mod: Illusion disguises the Pokémon's true level\n|clearpoke\n|poke|p1|Gholdengo, L77|\n|poke|p1|Tentacruel, L84, F|\n|poke|p1|Iron Bundle, L78|\n|poke|p1|Probopass, L91, F|\n|poke|p1|Gallade, L80, M|\n|poke|p1|Malamar, L82, M|\n|poke|p2|Latios, L78, M|\n|poke|p2|Iron Moth, L78|\n|poke|p2|Indeedee, L84, M|\n|poke|p2|Kyogre, L71|\n|poke|p2|Regidrago, L77|\n|poke|p2|Rampardos, L90, F|\n|teampreview\n|c|☆Bunny Stockfish|Good luck! Playing on **stockfish**.\n|\n|t:|1790295795\n|teamsize|p1|6\n|teamsize|p2|6\n|start\n|switch|p1a: Malamar|Malamar, L82, M|275/275\n|switch|p2a: Rampardos|Rampardos, L90, F|321/321\n|turn|1\n|\n|t:|1790295801\n|switch|p1a: Gallade|Gallade, L80, M|240/240\n|move|p2a: Rampardos|Crag Hammer|p1a: Gallade\n|-resisted|p1a: Gallade\n|-damage|p1a: Gallade|102/240\n|\n|upkeep\n|turn|2\n|\n|t:|1790295806\n|move|p2a: Rampardos|Crag Hammer|p1a: Gallade\n|-resisted|p1a: Gallade\n|-damage|p1a: Gallade|0 fnt\n|faint|p1a: Gallade\n|\n|upkeep\n|\n|t:|1790295806\n|switch|p1a: Gholdengo|Gholdengo, L77|261/261\n|turn|3\n|\n|t:|1790295832\n|-terastallize|p1a: Gholdengo|Steel\n|move|p1a: Gholdengo|Make It Rain|p2a: Rampardos\n|-supereffective|p2a: Rampardos\n|-damage|p2a: Rampardos|0 fnt\n|-unboost|p1a: Gholdengo|spa|1\n|faint|p2a: Rampardos\n|\n|upkeep\n|\n|t:|1790295838\n|switch|p2a: Kyogre|Kyogre, L71|259/259\n|-weather|RainDance|[from] ability: Drizzle|[of] p2a: Kyogre\n|turn|4\n|\n|t:|1790295841\n|-terastallize|p2a: Kyogre|Water\n|move|p1a: Gholdengo|Make It Rain|p2a: Kyogre\n|-resisted|p2a: Kyogre\n|-damage|p2a: Kyogre|212/259\n|-unboost|p1a: Gholdengo|spa|1\n|move|p2a: Kyogre|Water Spout|p1a: Gholdengo\n|-damage|p1a: Gholdengo|0 fnt\n|faint|p1a: Gholdengo\n|\n|-weather|RainDance|[upkeep]\n|upkeep\n|\n|t:|1790295841\n|switch|p1a: Tentacruel|Tentacruel, L84, F|272/272\n|turn|5\n|\n|t:|1790295851\n|move|p2a: Kyogre|Water Spout|p1a: Tentacruel\n|-resisted|p1a: Tentacruel\n|-damage|p1a: Tentacruel|200/272\n|move|p1a: Tentacruel|Sludge Bomb|p2a: Kyogre\n|-damage|p2a: Kyogre|145/259\n|-status|p2a: Kyogre|psn\n|\n|-weather|RainDance|[upkeep]\n|-damage|p2a: Kyogre|113/259 psn|[from] psn\n|upkeep\n|turn|6\n|\n|t:|1790295856\n|switch|p2a: Regidrago|Regidrago, L77|435/435\n|move|p1a: Tentacruel|Sludge Bomb|p2a: Regidrago\n|-damage|p2a: Regidrago|309/435\n|\n|-weather|RainDance|[upkeep]\n|upkeep\n|turn|7\n|\n|t:|1790295859\n|switch|p1a: Probopass|Probopass, L91, F|257/257\n|move|p2a: Regidrago|Dragon Claw|p1a: Probopass\n|-resisted|p1a: Probopass\n|-damage|p1a: Probopass|210/257\n|-damage|p2a: Regidrago|266/435|[from] item: Life Orb\n|\n|-weather|RainDance|[upkeep]\n|-heal|p1a: Probopass|226/257|[from] item: Leftovers\n|upkeep\n|turn|8\n|\n|t:|1790295864\n|move|p2a: Regidrago|Dragon Dance|p2a: Regidrago\n|-boost|p2a: Regidrago|atk|1\n|-boost|p2a: Regidrago|spe|1\n|move|p1a: Probopass|Iron Defense|p1a: Probopass\n|-boost|p1a: Probopass|def|2\n|\n|-weather|none\n|-heal|p1a: Probopass|242/257|[from] item: Leftovers\n|upkeep\n|turn|9\n|\n|t:|1790295868\n|move|p2a: Regidrago|Earthquake|p1a: Probopass\n|-supereffective|p1a: Probopass\n|-damage|p1a: Probopass|91/257\n|-damage|p2a: Regidrago|223/435|[from] item: Life Orb\n|move|p1a: Probopass|Body Press|p2a: Regidrago\n|-damage|p2a: Regidrago|0 fnt\n|faint|p2a: Regidrago\n|\n|-heal|p1a: Probopass|107/257|[from] item: Leftovers\n|upkeep\n|\n|t:|1790295873\n|switch|p2a: Kyogre|Kyogre, L71, tera:Water|113/259 psn\n|-weather|RainDance|[from] ability: Drizzle|[of] p2a: Kyogre\n|turn|10\n|\n|t:|1790295876\n|move|p2a: Kyogre|Origin Pulse|p1a: Probopass\n|-supereffective|p1a: Probopass\n|-damage|p1a: Probopass|0 fnt\n|faint|p1a: Probopass\n|\n|-weather|RainDance|[upkeep]\n|-damage|p2a: Kyogre|81/259 psn|[from] psn\n|upkeep\n|\n|t:|1790295876\n|switch|p1a: Iron Bundle|Iron Bundle, L78|215/215\n|turn|11\n|\n|t:|1790295878\n|move|p1a: Iron Bundle|Freeze-Dry|p2a: Kyogre\n|-supereffective|p2a: Kyogre\n|-damage|p2a: Kyogre|0 fnt\n|faint|p2a: Kyogre\n|\n|-weather|RainDance|[upkeep]\n|upkeep\n|\n|t:|1790295886\n|switch|p2a: Indeedee|Indeedee, L84, M|238/238\n|-fieldstart|move: Psychic Terrain|[from] ability: Psychic Surge|[of] p2a: Indeedee\n|turn|12\n|\n|t:|1790295893\n|-end|p1a: Iron Bundle|Quark Drive|[silent]\n|switch|p1a: Malamar|Malamar, L82, M|275/275\n|move|p2a: Indeedee|Hypno Whirl|p1a: Malamar\n|-immune|p1a: Malamar\n|\n|-weather|RainDance|[upkeep]\n|upkeep\n|turn|13\n|\n|t:|1790295897\n|switch|p2a: Iron Moth|Iron Moth, L78|253/253\n|move|p1a: Malamar|Knock Off|p2a: Iron Moth\n|-damage|p2a: Iron Moth|126/253\n|-enditem|p2a: Iron Moth|Heavy-Duty Boots|[from] move: Knock Off|[of] p1a: Malamar\n|\n|-weather|RainDance|[upkeep]\n|upkeep\n|turn|14\n|\n|t:|1790295900\n|move|p2a: Iron Moth|Sludge Wave|p1a: Malamar\n|-damage|p1a: Malamar|181/275\n|move|p1a: Malamar|Psycho Cut|p2a: Iron Moth\n|-supereffective|p2a: Iron Moth\n|-damage|p2a: Iron Moth|0 fnt\n|faint|p2a: Iron Moth\n|-end|p2a: Iron Moth|Quark Drive|[silent]\n|\n|-weather|none\n|upkeep\n|\n|t:|1790295903\n|switch|p2a: Latios|Latios, L78, M|253/253\n|turn|15\n|\n|t:|1790295906\n|move|p2a: Latios|Draco Meteor|p1a: Malamar\n|-damage|p1a: Malamar|42/275\n|-unboost|p2a: Latios|spa|2\n|move|p1a: Malamar|Knock Off|p2a: Latios\n|-supereffective|p2a: Latios\n|-damage|p2a: Latios|23/253\n|-enditem|p2a: Latios|Soul Dew|[from] move: Knock Off|[of] p1a: Malamar\n|\n|upkeep\n|turn|16\n|\n|t:|1790295911\n|move|p2a: Latios|Draco Meteor|p1a: Malamar\n|-damage|p1a: Malamar|0 fnt\n|-unboost|p2a: Latios|spa|2\n|faint|p1a: Malamar\n|\n|-fieldend|move: Psychic Terrain\n|upkeep\n|\n|t:|1790295911\n|switch|p1a: Iron Bundle|Iron Bundle, L78|215/215\n|turn|17\n|\n|t:|1790295914\n|move|p1a: Iron Bundle|Freeze-Dry|p2a: Latios\n|-supereffective|p2a: Latios\n|-damage|p2a: Latios|0 fnt\n|faint|p2a: Latios\n|\n|upkeep\n|\n|t:|1790295916\n|switch|p2a: Indeedee|Indeedee, L84, M|238/238\n|-fieldstart|move: Psychic Terrain|[from] ability: Psychic Surge|[of] p2a: Indeedee\n|turn|18\n|\n|t:|1790295917\n|move|p2a: Indeedee|Hypno Whirl|p1a: Iron Bundle\n|-damage|p1a: Iron Bundle|68/215\n|move|p1a: Iron Bundle|Hydro Pump|p2a: Indeedee\n|-damage|p2a: Indeedee|120/238\n|\n|upkeep\n|turn|19\n|\n|t:|1790295920\n|move|p2a: Indeedee|Hypno Whirl|p1a: Iron Bundle\n|-damage|p1a: Iron Bundle|0 fnt\n|faint|p1a: Iron Bundle\n|-end|p1a: Iron Bundle|Quark Drive|[silent]\n|\n|upkeep\n|\n|t:|1790295920\n|switch|p1a: Tentacruel|Tentacruel, L84, F|200/272\n|turn|20\n|\n|t:|1790295921\n|move|p2a: Indeedee|Hypno Whirl|p1a: Tentacruel\n|-supereffective|p1a: Tentacruel\n|-damage|p1a: Tentacruel|86/272\n|move|p1a: Tentacruel|Sludge Bomb|p2a: Indeedee\n|-crit|p2a: Indeedee\n|-damage|p2a: Indeedee|2/238\n|\n|upkeep\n|turn|21\n|\n|t:|1790295924\n|move|p2a: Indeedee|Hypno Whirl|p1a: Tentacruel\n|-supereffective|p1a: Tentacruel\n|-damage|p1a: Tentacruel|0 fnt\n|faint|p1a: Tentacruel\n|\n|win|SlimeQueenSamantha\n",
	"inputlog": ">start {\"formatid\":\"gen9rprandombattle\",\"seed\":\"sodium,312b3e426fffbf487f49f18b13de2d78\",\"rated\":\"Rated battle\"}\n>player p1 {\"name\":\"Bunny Stockfish\",\"avatar\":\"bunny.png\",\"rating\":1356,\"seed\":\"sodium,9aba46f70e4e2348e53ad6b17dba0fda\"}\n>player p2 {\"name\":\"SlimeQueenSamantha\",\"avatar\":\"queen.png\",\"rating\":1228,\"seed\":\"sodium,2b82cdc189976d186c5b59891840e737\"}\n>chat ☆Bunny Stockfish|Good luck! Playing on **stockfish**.\n>p1 team 6, 3, 2, 1, 5, 4\n>p2 team 6, 2, 3, 4, 5, 1\n>p1 switch 5\n>p2 move craghammer\n>p1 move sacredsword\n>p2 move craghammer\n>p1 switch 4\n>p1 move makeitrain terastallize\n>p2 move craghammer\n>p2 switch 4\n>p1 move makeitrain\n>p2 move waterspout terastallize\n>p1 switch 3\n>p1 move sludgebomb\n>p2 move waterspout\n>p1 move sludgebomb\n>p2 switch 5\n>p1 switch 6\n>p2 move dragonclaw\n>p1 move irondefense\n>p2 move dragondance\n>p1 move bodypress\n>p2 move earthquake\n>p2 switch 5\n>p1 move bodypress\n>p2 move originpulse\n>p1 switch 2\n>p1 move freezedry\n>p2 move originpulse\n>p2 switch 3\n>p1 switch 5\n>p2 move hypnowhirl\n>p1 move knockoff\n>p2 switch 2\n>p1 move psychocut\n>p2 move sludgewave\n>p2 switch 6\n>p1 move knockoff\n>p2 move dracometeor\n>p1 move superpower\n>p2 move dracometeor\n>p1 switch 5\n>p1 move freezedry\n>p2 move dracometeor\n>p2 switch 2\n>p1 move hydropump\n>p2 move hypnowhirl\n>p1 move hydropump\n>p2 move hypnowhirl\n>p1 switch 6\n>p1 move sludgebomb\n>p2 move hypnowhirl\n>p1 move sludgebomb\n>p2 move hypnowhirl",
	"uploadtime": 1790295924
}