{
	"id": "gen9rprandombattle-11-tmoez3",
	"format": "[Gen 9] RP Random Battle",
	"players": [
		"Bunny Easy",
		"TheRedRecord7"
	],
	"rating": null,
	"log": "|j|☆Bunny Easy\n|j|☆TheRedRecord7\n|t:|1791657037\n|gametype|singles\n|player|p1|Bunny Easy|bunny.png|1058\n|player|p2|TheRedRecord7|265|1054\n|gen|9\n|tier|[Gen 9] RP Random Battle\n|rated|\n|rule|Species Clause: Limit one of each Pokémon\n|rule|HP Percentage Mod: HP is shown in percentages\n|rule|Sleep Clause Mod: Limit one foe put to sleep\n|rule|Illusion Level Mod: Illusion disguises the Pokémon's true level\n|\n|t:|1791657037\n|teamsize|p1|6\n|teamsize|p2|6\n|start\n|switch|p1a: Hitmontop|Hitmontop, L88, M|231/231\n|switch|p2a: Walking Wake|Walking Wake, L79|286/286\n|turn|1\n|c|☆Bunny Easy|Good luck! Playing on **easy**.\n|\n|t:|1791657063\n|move|p2a: Walking Wake|Flip Turn|p1a: Hitmontop\n|-damage|p1a: Hitmontop|180/231\n|\n|t:|1791657074\n|-end|p2a: Walking Wake|Protosynthesis|[silent]\n|switch|p2a: Giratina|Giratina, L75|349/349|[from] Flip Turn\n|-ability|p2a: Giratina|Pressure\n|move|p1a: Hitmontop|Close Combat|p2a: Giratina\n|-immune|p2a: Giratina\n|\n|-heal|p1a: Hitmontop|194/231|[from] item: Leftovers\n|upkeep\n|turn|2\n|\n|t:|1791657098\n|move|p2a: Giratina|Shadow Ball|p1a: Hitmontop\n|-damage|p1a: Hitmontop|140/231\n|move|p1a: Hitmontop|Close Combat|p2a: Giratina\n|-immune|p2a: Giratina\n|\n|-heal|p1a: Hitmontop|154/231|[from] item: Leftovers\n|upkeep\n|turn|3\n|\n|t:|1791657107\n|move|p1a: Hitmontop|Close Combat|p2a: Giratina\n|-immune|p2a: Giratina\n|move|p2a: Giratina|Dragon Tail|p1a: Hitmontop\n|-damage|p1a: Hitmontop|100/231\n|drag|p1a: Mabosstiff|Mabosstiff, L86, M|278/278\n|\n|upkeep\n|turn|4\n|\n|t:|1791657128\n|switch|p2a: Carbink|Carbink, L90|236/236\n|move|p1a: Mabosstiff|Psychic Fangs|p2a: Carbink\n|-damage|p2a: Carbink|151/236\n|\n|upkeep\n|turn|5\n|\n|t:|1791657148\n|move|p1a: Mabosstiff|Psychic Fangs|p2a: Carbink\n|-damage|p2a: Carbink|102/236\n|move|p2a: Carbink|Velvet Press|p1a: Mabosstiff\n|-supereffective|p1a: Mabosstiff\n|-damage|p1a: Mabosstiff|0 fnt\n|faint|p1a: Mabosstiff\n|\n|upkeep\n|\n|t:|1791657149\n|switch|p1a: Iron Crown|Iron Crown, L78|268/268\n|turn|6\n|\n|t:|1791657175\n|switch|p2a: Walking Wake|Walking Wake, L79|286/286\n|-terastallize|p1a: Iron Crown|Fighting\n|move|p1a: Iron Crown|Focus Blast|p2a: Walking Wake\n|-damage|p2a: Walking Wake|58/286\n|\n|upkeep\n|turn|7\n|\n|t:|1791657195\n|move|p2a: Walking Wake|Flip Turn|p1a: Iron Crown\n|-damage|p1a: Iron Crown|219/268\n|\n|t:|1791657199\n|-end|p2a: Walking Wake|Protosynthesis|[silent]\n|switch|p2a: Giratina|Giratina, L75|349/349|[from] Flip Turn\n|-ability|p2a: Giratina|Pressure\n|move|p1a: Iron Crown|Focus Blast|p2a: Giratina\n|-immune|p2a: Giratina\n|\n|upkeep\n|turn|8\n|\n|t:|1791657213\n|move|p1a: Iron Crown|Focus Blast|p2a: Giratina\n|-immune|p2a: Giratina\n|move|p2a: Giratina|Dragon Tail|p1a: Iron Crown\n|-damage|p1a: Iron Crown|167/268\n|-end|p1a: Iron Crown|Quark Drive|[silent]\n|drag|p1a: Clodsire|Clodsire, L81, M|343/343\n|\n|upkeep\n|turn|9\n|\n|t:|1791657226\n|move|p2a: Giratina|Shadow Ball|p1a: Clodsire\n|-damage|p1a: Clodsire|279/343\n|-unboost|p1a: Clodsire|spd|1\n|move|p1a: Clodsire|Gunk Shot|p2a: Giratina\n|-resisted|p2a: Giratina\n|-damage|p2a: Giratina|307/349\n|\n|-heal|p2a: Giratina|328/349|[from] item: Leftovers\n|-heal|p1a: Clodsire|300/343|[from] item: Leftovers\n|upkeep\n|turn|10\n|\n|t:|1791657240\n|move|p1a: Clodsire|Gunk Shot|p2a: Giratina\n|-resisted|p2a: Giratina\n|-damage|p2a: Giratina|288/349\n|move|p2a: Giratina|Dragon Tail|p1a: Clodsire\n|-damage|p1a: Clodsire|224/343\n|drag|p1a: Iron Crown|Iron Crown, L78, tera:Fighting|167/268\n|\n|-heal|p2a: Giratina|309/349|[from] item: Leftovers\n|upkeep\n|turn|11\n|\n|t:|1791657256\n|move|p1a: Iron Crown|Psyshock|p2a: Giratina\n|-damage|p2a: Giratina|201/349\n|move|p2a: Giratina|Shadow Ball|p1a: Iron Crown\n|-damage|p1a: Iron Crown|103/268\n|-unboost|p1a: Iron Crown|spd|1\n|\n|-heal|p2a: Giratina|222/349|[from] item: Leftovers\n|upkeep\n|turn|12\n|\n|t:|1791657276\n|move|p1a: Iron Crown|Psyshock|p2a: Giratina\n|-damage|p2a: Giratina|99/349\n|move|p2a: Giratina|Shadow Ball|p1a: Iron Crown\n|-damage|p1a: Iron Crown|3/268\n|-unboost|p1a: Iron Crown|spd|1\n|\n|-heal|p2a: Giratina|120/349|[from] item: Leftovers\n|upkeep\n|turn|13\n|\n|t:|1791657289\n|move|p1a: Iron Crown|Psyshock|p2a: Giratina\n|-damage|p2a: Giratina|0 fnt\n|faint|p2a: Giratina\n|\n|upkeep\n|\n|t:|1791657296\n|switch|p2a: Walking Wake|Walking Wake, L79|58/286\n|turn|14\n|\n|t:|1791657301\n|move|p2a: Walking Wake|Flip Turn|p1a: Iron Crown\n|-damage|p1a: Iron Crown|0 fnt\n|faint|p1a: Iron Crown\n|-end|p1a: Iron Crown|Quark Drive|[silent]\n|\n|t:|1791657307\n|-end|p2a: Walking Wake|Protosynthesis|[silent]\n|switch|p2a: Carbink|Carbink, L90|102/236|[from] Flip Turn\n|\n|upkeep\n|\n|t:|1791657307\n|switch|p1a: Clodsire|Clodsire, L81, M|224/343\n|turn|15\n|\n|t:|1791657348\n|switch|p2a: Glalie|Glalie, L96, M|309/309\n|move|p1a: Clodsire|Gunk Shot|p2a: Glalie\n|-damage|p2a: Glalie|218/309\n|\n|-heal|p1a: Clodsire|245/343|[from] item: Leftovers\n|upkeep\n|turn|16\n|\n|t:|1791657361\n|move|p2a: Glalie|Freeze-Dry|p1a: Clodsire\n|-supereffective|p1a: Clodsire\n|-damage|p1a: Clodsire|83/343\n|move|p1a: Clodsire|Gunk Shot|p2a: Glalie\n|-damage|p2a: Glalie|134/309\n|\n|-heal|p1a: Clodsire|104/343|[from] item: Leftovers\n|upkeep\n|turn|17\n|\n|t:|1791657367\n|move|p2a: Glalie|Freeze-Dry|p1a: Clodsire\n|-supereffective|p1a: Clodsire\n|-damage|p1a: Clodsire|0 fnt\n|faint|p1a: Clodsire\n|\n|upkeep\n|\n|t:|1791657367\n|switch|p1a: Hitmontop|Hitmontop, L88, M|100/231\n|turn|18\n|\n|t:|1791657383\n|switch|p2a: Salazzle|Salazzle, L83, F|249/249\n|move|p1a: Hitmontop|Close Combat|p2a: Salazzle\n|-resisted|p2a: Salazzle\n|-damage|p2a: Salazzle|162/249\n|-unboost|p1a: Hitmontop|def|1\n|-unboost|p1a: Hitmontop|spd|1\n|\n|-heal|p2a: Salazzle|177/249|[from] item: Leftovers\n|-heal|p1a: Hitmontop|114/231|[from] item: Leftovers\n|upkeep\n|turn|19\n|\n|t:|1791657394\n|move|p2a: Salazzle|Protect|p2a: Salazzle\n|-singleturn|p2a: Salazzle|Protect\n|move|p1a: Hitmontop|Close Combat|p2a: Salazzle\n|-activate|p2a: Salazzle|move: Protect\n|\n|-heal|p2a: Salazzle|192/249|[from] item: Leftovers\n|-heal|p1a: Hitmontop|128/231|[from] item: Leftovers\n|upkeep\n|turn|20\n|\n|t:|1791657404\n|move|p2a: Salazzle|Flamethrower|p1a: Hitmontop\n|-damage|p1a: Hitmontop|0 fnt\n|faint|p1a: Hitmontop\n|\n|-heal|p2a: Salazzle|207/249|[from] item: Leftovers\n|upkeep\n|\n|t:|1791657404\n|switch|p1a: Grimmsnarl|Grimmsnarl, L83, M|293/293\n|turn|21\n|\n|t:|1791657417\n|move|p2a: Salazzle|Toxic|p1a: Grimmsnarl\n|-status|p1a: Grimmsnarl|tox\n|move|p1a: Grimmsnarl|Spirit Break|p2a: Salazzle\n|-resisted|p2a: Salazzle\n|-damage|p2a: Salazzle|175/249\n|-unboost|p2a: Salazzle|spa|1\n|\n|-heal|p2a: Salazzle|190/249|[from] item: Leftovers\n|-damage|p1a: Grimmsnarl|275/293 tox|[from] psn\n|upkeep\n|turn|22\n|\n|t:|1791657428\n|move|p2a: Salazzle|Substitute|p2a: Salazzle\n|-start|p2a: Salazzle|Substitute\n|-damage|p2a: Salazzle|128/249\n|move|p1a: Grimmsnarl|Carrion Feast|p2a: Salazzle\n|-end|p2a: Salazzle|Substitute\n|-heal|p1a: Grimmsnarl|293/293 tox|[from] drain|[of] p2a: Salazzle\n|\n|-heal|p2a: Salazzle|143/249|[from] item: Leftovers\n|-damage|p1a: Grimmsnarl|257/293 tox|[from] psn\n|upkeep\n|turn|23\n|\n|t:|1791657440\n|move|p2a: Salazzle|Protect|p2a: Salazzle\n|-singleturn|p2a: Salazzle|Protect\n|move|p1a: Grimmsnarl|Parting Shot|p2a: Salazzle\n|-activate|p2a: Salazzle|move: Protect\n|\n|-heal|p2a: Salazzle|158/249|[from] item: Leftovers\n|-heal|p1a: Grimmsnarl|275/293 tox|[from] item: Leftovers\n|-damage|p1a: Grimmsnarl|221/293 tox|[from] psn\n|upkeep\n|turn|24\n|\n|t:|1791657450\n|move|p2a: Salazzle|Substitute|p2a: Salazzle\n|-start|p2a: Salazzle|Substitute\n|-damage|p2a: Salazzle|96/249\n|move|p1a: Grimmsnarl|Velvet Press|p2a: Salazzle\n|-resisted|p2a: Salazzle\n|-activate|p2a: Salazzle|move: Substitute|[damage]\n|\n|-heal|p2a: Salazzle|111/249|[from] item: Leftovers\n|-heal|p1a: Grimmsnarl|239/293 tox|[from] item: Leftovers\n|-damage|p1a: Grimmsnarl|167/293 tox|[from] psn\n|upkeep\n|turn|25\n|\n|t:|1791657461\n|move|p2a: Salazzle|Protect|p2a: Salazzle\n|-singleturn|p2a: Salazzle|Protect\n|move|p1a: Grimmsnarl|Carrion Feast|p2a: Salazzle\n|-activate|p2a: Salazzle|move: Protect\n|\n|-heal|p2a: Salazzle|126/249|[from] item: Leftovers\n|-heal|p1a: Grimmsnarl|185/293 tox|[from] item: Leftovers\n|-damage|p1a: Grimmsnarl|95/293 tox|[from] psn\n|upkeep\n|turn|26\n|\n|t:|1791657472\n|move|p2a: Salazzle|Flamethrower|p1a: Grimmsnarl\n|-damage|p1a: Grimmsnarl|22/293 tox\n|move|p1a: Grimmsnarl|Spirit Break|p2a: Salazzle\n|-resisted|p2a: Salazzle\n|-activate|p2a: Salazzle|move: Substitute|[damage]\n|\n|-heal|p2a: Salazzle|141/249|[from] item: Leftovers\n|-heal|p1a: Grimmsnarl|40/293 tox|[from] item: Leftovers\n|-damage|p1a: Grimmsnarl|0 fnt|[from] psn\n|faint|p1a: Grimmsnarl\n|upkeep\n|\n|t:|1791657472\n|switch|p1a: Smeargle|Smeargle, L95, M|258/258\n|turn|27\n|\n|t:|1791657488\n|move|p2a: Salazzle|Toxic|p1a: Smeargle\n|-status|p1a: Smeargle|tox\n|move|p1a: Smeargle|Ceaseless Edge|p2a: Salazzle\n|-end|p2a: Salazzle|Substitute\n|-sidestart|p2: TheRedRecord7|Spikes\n|\n|-heal|p2a: Salazzle|156/249|[from] item: Leftovers\n|-damage|p1a: Smeargle|242/258 tox|[from] psn\n|upkeep\n|turn|28\n|\n|t:|1791657501\n|move|p2a: Salazzle|Protect|p2a: Salazzle\n|-singleturn|p2a: Salazzle|Protect\n|move|p1a: Smeargle|Ceaseless Edge|p2a: Salazzle\n|-activate|p2a: Salazzle|move: Protect\n|\n|-heal|p2a: Salazzle|171/249|[from] item: Leftovers\n|-damage|p1a: Smeargle|210/258 tox|[from] psn\n|upkeep\n|turn|29\n|\n|t:|1791657524\n|switch|p2a: Carbink|Carbink, L90|102/236\n|-damage|p2a: Carbink|73/236|[from] Spikes\n|move|p1a: Smeargle|Ceaseless Edge|p2a: Carbink\n|-resisted|p2a: Carbink\n|-damage|p2a: Carbink|66/236\n|-sidestart|p2: TheRedRecord7|Spikes\n|\n|-damage|p1a: Smeargle|162/258 tox|[from] psn\n|upkeep\n|turn|30\n|\n|t:|1791657538\n|move|p1a: Smeargle|Ceaseless Edge|p2a: Carbink\n|-resisted|p2a: Carbink\n|-damage|p2a: Carbink|59/236\n|-sidestart|p2: TheRedRecord7|Spikes\n|move|p2a: Carbink|Rest|p2a: Carbink\n|-status|p2a: Carbink|slp|[from] move: Rest\n|-heal|p2a: Carbink|236/236 slp|[silent]\n|-enditem|p2a: Carbink|Chesto Berry|[eat]\n|-curestatus|p2a: Carbink|slp|[msg]\n|\n|-damage|p1a: Smeargle|98/258 tox|[from] psn\n|upkeep\n|turn|31\n|\n|t:|1791657561\n|move|p1a: Smeargle|Ceaseless Edge|p2a: Carbink\n|-resisted|p2a: Carbink\n|-damage|p2a: Carbink|229/236\n|move|p2a: Carbink|Body Press|p1a: Smeargle\n|-supereffective|p1a: Smeargle\n|-damage|p1a: Smeargle|0 fnt\n|faint|p1a: Smeargle\n|\n|win|TheRedRecord7\n",
	"inputlog": ">start {\"formatid\":\"gen9rprandombattle\",\"seed\":\"sodium,ab8f73ac8546def4878fed7468266010\",\"rated\":\"Rated battle\"}\n>player p1 {\"name\":\"Bunny Easy\",\"avatar\":\"bunny.png\",\"rating\":1058,\"seed\":\"sodium,287642ff7817fd7b45dfed5ae3506504\"}\n>player p2 {\"name\":\"TheRedRecord7\",\"avatar\":\"265\",\"rating\":1054,\"seed\":\"sodium,34bcfe6b74cc68d27f0580cf58ec340c\"}\n>chat ☆Bunny Easy|Good luck! Playing on **easy**.\n>p1 move closecombat\n>p2 move flipturn\n>p2 switch 3\n>p1 move closecombat\n>p2 move shadowball\n>p1 move closecombat\n>p2 move dragontail\n>p1 move psychicfangs\n>p2 switch 2\n>p1 move psychicfangs\n>p2 move velvetpress\n>p1 switch 3\n>p1 move focusblast terastallize\n>p2 switch 3\n>p1 move focusblast\n>p2 move flipturn\n>p2 switch 2\n>p1 move focusblast\n>p2 move dragontail\n>p1 move gunkshot\n>p2 move shadowball\n>p1 move gunkshot\n>p2 move dragontail\n>p1 move psyshock\n>p2 move shadowball\n>p1 move psyshock\n>p2 move shadowball\n>p1 move psyshock\n>p2 move rest\n>p2 switch 2\n>p1 move psyshock\n>p2 move flipturn\n>p2 switch 3\n>p1 switch 5\n>p1 move gunkshot\n>p2 switch 4\n>p1 move gunkshot\n>p2 move freezedry\n>p1 move gunkshot\n>p2 move freezedry\n>p1 switch 2\n>p1 move closecombat\n>p2 switch 5\n>p1 move closecombat\n>p2 move protect\n>p1 move knockoff\n>p2 move flamethrower\n>p1 switch 4\n>p1 move spiritbreak\n>p2 move toxic\n>p1 move carrionfeast\n>p2 move substitute\n>p1 move partingshot\n>p2 move protect\n>p1 move velvetpress\n>p2 move substitute\n>p1 move carrionfeast\n>p2 move protect\n>p1 move spiritbreak\n>p2 move flamethrower\n>p1 switch 6\n>p1 move ceaselessedge\n>p2 move toxic\n>p1 move ceaselessedge\n>p2 move protect\n>p1 move ceaselessedge\n>p2 switch 4\n>p1 move ceaselessedge\n>p2 move rest\n>p1 move ceaselessedge\n>p2 move bodypress",
	"uploadtime": 1791657561
}