{
	"id": "gen9rpou-10-tliry4",
	"format": "[Gen 9] RP OU",
	"players": [
		"Bunny Stockfish",
		"SlimeQueenSamantha"
	],
	"rating": null,
	"log": "|j|☆Bunny Stockfish\n|j|☆SlimeQueenSamantha\n|t:|1789668647\n|gametype|singles\n|player|p1|Bunny Stockfish|bunny.png|1332\n|player|p2|SlimeQueenSamantha|queen.png|1536\n|gen|9\n|tier|[Gen 9] RP OU\n|rated|\n|rule|HP Percentage Mod: HP is shown in percentages\n|rule|Endless Battle Clause: Forcing endless battles is banned\n|rule|Species Clause: Limit one of each Pokémon\n|rule|OHKO Clause: OHKO moves are banned\n|rule|Evasion Clause: Evasion abilities, items, and moves are banned\n|rule|Evasion Abilities Clause: Evasion abilities are banned\n|rule|Evasion Items Clause: Evasion items are banned\n|rule|Evasion Moves Clause: Evasion moves are banned\n|rule|Sleep Clause Mod: Limit one foe put to sleep\n|clearpoke\n|poke|p1|Kyurem|\n|poke|p1|Slowking-Galar|\n|poke|p1|Pecharunt|\n|poke|p1|Kingambit|\n|poke|p1|Garchomp|\n|poke|p1|Rillaboom|\n|poke|p2|Spiritomb|\n|poke|p2|Glaceon|\n|poke|p2|Garchomp|\n|poke|p2|Roserade|\n|poke|p2|Togekiss|\n|poke|p2|Lucario|\n|teampreview\n|c|☆Bunny Stockfish|Good luck! Playing on **stockfish**.\n|\n|t:|1789668649\n|teamsize|p1|6\n|teamsize|p2|6\n|start\n|switch|p1a: Slowking|Slowking-Galar|100/100\n|switch|p2a: Garchomp|Garchomp|100/100\n|turn|1\n|\n|t:|1789668652\n|-terastallize|p1a: Slowking|Fairy\n|move|p2a: Garchomp|Earthquake|p1a: Slowking\n|-damage|p1a: Slowking|68/100\n|move|p1a: Slowking|Ice Beam|p2a: Garchomp\n|-supereffective|p2a: Garchomp\n|-damage|p2a: Garchomp|10/100\n|\n|upkeep\n|turn|2\n|\n|t:|1789668654\n|move|p2a: Garchomp|Stealth Rock|p1a: Slowking\n|-sidestart|p1: Bunny Stockfish|move: Stealth Rock\n|move|p1a: Slowking|Ice Beam|p2a: Garchomp\n|-supereffective|p2a: Garchomp\n|-damage|p2a: Garchomp|0 fnt\n|faint|p2a: Garchomp\n|\n|upkeep\n|\n|t:|1789668658\n|switch|p2a: Roserade|Roserade|100/100\n|-ability|p2a: Roserade|Masquerade\n|-start|p1a: Slowking|move: Taunt\n|turn|3\n|\n|t:|1789668661\n|-start|p2a: Roserade|Dynamax|\n|-heal|p2a: Roserade|100/100|[silent]\n|move|p2a: Roserade|Max Ooze|p1a: Slowking\n|-supereffective|p1a: Slowking\n|-damage|p1a: Slowking|21/100\n|-boost|p2a: Roserade|spa|1\n|move|p1a: Slowking|Psychic Noise|p2a: Roserade\n|-supereffective|p2a: Roserade\n|-damage|p2a: Roserade|71/100\n|-start|p2a: Roserade|move: Heal Block\n|\n|upkeep\n|turn|4\n|\n|t:|1789668667\n|switch|p1a: Pecharunt|Pecharunt|100/100\n|-damage|p1a: Pecharunt|88/100|[from] Stealth Rock\n|move|p2a: Roserade|Max Ooze|p1a: Pecharunt\n|-resisted|p1a: Pecharunt\n|-damage|p1a: Pecharunt|72/100\n|-boost|p2a: Roserade|spa|1\n|\n|-end|p2a: Roserade|move: Heal Block\n|upkeep\n|turn|5\n|\n|t:|1789668674\n|-start|p1a: Pecharunt|Dynamax|\n|-heal|p1a: Pecharunt|72/100|[silent]\n|move|p2a: Roserade|Max Guard|p2a: Roserade\n|-singleturn|p2a: Roserade|Max Guard\n|move|p1a: Pecharunt|Max Ooze|p2a: Roserade\n|-activate|p2a: Roserade|move: Max Guard\n|\n|upkeep\n|-end|p2a: Roserade|Dynamax\n|-heal|p2a: Roserade|71/100|[silent]\n|turn|6\n|\n|t:|1789668680\n|switch|p2a: Lucario|Lucario|100/100\n|move|p1a: Pecharunt|Max Ooze|p2a: Lucario\n|-immune|p2a: Lucario\n|\n|upkeep\n|turn|7\n|\n|t:|1789668687\n|detailschange|p2a: Lucario|Lucario-Mega-Z\n|-mega|p2a: Lucario|Lucario|Lucarionite Z\n|move|p2a: Lucario|Flash Cannon|p1a: Pecharunt\n|-damage|p1a: Pecharunt|46/100\n|move|p1a: Pecharunt|Max Darkness|p2a: Lucario\n|-resisted|p2a: Lucario\n|-damage|p2a: Lucario|85/100\n|-unboost|p2a: Lucario|spd|1\n|\n|upkeep\n|-end|p1a: Pecharunt|Dynamax\n|-heal|p1a: Pecharunt|46/100|[silent]\n|turn|8\n|\n|t:|1789668695\n|switch|p1a: Garchomp|Garchomp|100/100\n|-damage|p1a: Garchomp|94/100|[from] Stealth Rock\n|move|p2a: Lucario|Flash Cannon|p1a: Garchomp\n|-crit|p1a: Garchomp\n|-damage|p1a: Garchomp|27/100\n|\n|upkeep\n|turn|9\n|\n|t:|1789668697\n|move|p2a: Lucario|Hidden Power|p1a: Garchomp\n|-supereffective|p1a: Garchomp\n|-damage|p1a: Garchomp|0 fnt\n|faint|p1a: Garchomp\n|\n|upkeep\n|\n|t:|1789668697\n|switch|p1a: Kyurem|Kyurem|100/100\n|-damage|p1a: Kyurem|75/100|[from] Stealth Rock\n|-ability|p1a: Kyurem|Pressure\n|turn|10\n|\n|t:|1789668699\n|move|p2a: Lucario|Aura Sphere|p1a: Kyurem\n|-supereffective|p1a: Kyurem\n|-damage|p1a: Kyurem|0 fnt\n|faint|p1a: Kyurem\n|\n|upkeep\n|\n|t:|1789668700\n|switch|p1a: Slowking|Slowking-Galar, tera:Fairy|54/100\n|-damage|p1a: Slowking|41/100|[from] Stealth Rock\n|turn|11\n|\n|t:|1789668702\n|move|p2a: Lucario|Flash Cannon|p1a: Slowking\n|-supereffective|p1a: Slowking\n|-damage|p1a: Slowking|0 fnt\n|faint|p1a: Slowking\n|\n|upkeep\n|\n|t:|1789668702\n|switch|p1a: Rillaboom|Rillaboom|100/100\n|-damage|p1a: Rillaboom|88/100|[from] Stealth Rock\n|-fieldstart|move: Grassy Terrain|[from] ability: Grassy Surge|[of] p1a: Rillaboom\n|turn|12\n|\n|t:|1789668707\n|move|p1a: Rillaboom|Grassy Glide|p2a: Lucario\n|-resisted|p2a: Lucario\n|-damage|p2a: Lucario|68/100\n|move|p2a: Lucario|Aura Sphere|p1a: Rillaboom\n|-damage|p1a: Rillaboom|34/100\n|\n|-heal|p2a: Lucario|74/100|[from] Grassy Terrain\n|-heal|p1a: Rillaboom|41/100|[from] Grassy Terrain\n|upkeep\n|turn|13\n|\n|t:|1789668710\n|move|p1a: Rillaboom|Grassy Glide|p2a: Lucario\n|-resisted|p2a: Lucario\n|-damage|p2a: Lucario|59/100\n|move|p2a: Lucario|Aura Sphere|p1a: Rillaboom\n|-damage|p1a: Rillaboom|0 fnt\n|faint|p1a: Rillaboom\n|\n|-heal|p2a: Lucario|65/100|[from] Grassy Terrain\n|upkeep\n|\n|t:|1789668710\n|switch|p1a: Pecharunt|Pecharunt|46/100\n|-damage|p1a: Pecharunt|34/100|[from] Stealth Rock\n|turn|14\n|\n|t:|1789668711\n|move|p2a: Lucario|Flash Cannon|p1a: Pecharunt\n|-damage|p1a: Pecharunt|0 fnt\n|faint|p1a: Pecharunt\n|\n|-heal|p2a: Lucario|71/100|[from] Grassy Terrain\n|upkeep\n|\n|t:|1789668711\n|switch|p1a: Kingambit|Kingambit|100/100\n|-damage|p1a: Kingambit|94/100|[from] Stealth Rock\n|-activate|p1a: Kingambit|ability: Supreme Overlord\n|-start|p1a: Kingambit|fallen5|[silent]\n|turn|15\n|\n|t:|1789668714\n|move|p1a: Kingambit|Sucker Punch|p2a: Lucario\n|-resisted|p2a: Lucario\n|-damage|p2a: Lucario|44/100\n|move|p2a: Lucario|Aura Sphere|p1a: Kingambit\n|-supereffective|p1a: Kingambit\n|-damage|p1a: Kingambit|0 fnt\n|faint|p1a: Kingambit\n|-end|p1a: Kingambit|fallen5|[silent]\n|\n|win|SlimeQueenSamantha\n",
	"inputlog": ">start {\"formatid\":\"gen9rpou\",\"seed\":\"sodium,a7796ea3ce122057436c6f85c0928437\",\"rated\":\"Rated battle\"}\n>player p1 {\"name\":\"Bunny Stockfish\",\"avatar\":\"bunny.png\",\"team\":\"Kyurem||Leftovers|Pressure|Substitute,Protect,FreezeDry,EarthPower|Timid|52,,,204,,252|N||||,,,,,Ground]Slowking|SlowkingGalar|AssaultVest|Regenerator|SludgeBomb,PsychicNoise,Flamethrower,IceBeam|Bold|252,,252,,4,|N||||,,,,,Fairy]Pecharunt||RockyHelmet|PoisonPuppeteer|PartingShot,Recover,MalignantChain,FoulPlay|Timid|252,,228,,,28|N|,0,,,,|||,,,,,Ghost]Kingambit||Leftovers|SupremeOverlord|SwordsDance,SuckerPunch,CarrionFeast,IronHead|Adamant|252,252,,,4,|N||||,,,,,Dark]Garchomp||RockyHelmet|RoughSkin|Earthquake,DragonTail,StealthRock,Spikes|Impish|252,,216,,,40|N||||,,,,,Steel]Rillaboom||TerrainExtender|GrassySurge|GrassyGlide,KnockOff,Uturn,LowKick|Adamant|204,252,,,,52|N||||,,,,,Grass\",\"rating\":1332}\n>player p2 {\"name\":\"SlimeQueenSamantha\",\"avatar\":\"queen.png\",\"team\":\"Spiritomb||Leftovers|KeystoneLegion|SoulToll,StrengthSap,PartingShot,WillOWisp|Calm|252,,4,,252,|N||||,,,,,Fairy]Glaceon||LifeOrb|DiamondDust|Blizzard,FreezeDry,AuroraVeil,EarthPower|Modest|,,4,252,,252|N|,0,,,,|||,,,,,Ice]Garchomp||RockyHelmet|RoughSkin|Earthquake,DragonTail,StealthRock,Spikes|Impish|252,,216,,,40|N||||,,,,,Ghost]Roserade||HeavyDutyBoots|Masquerade|ThornedBouquet,Oxidize,NastyPlot,MortalSpin|Timid|,,,252,4,252|N||||,,,,,Water]Togekiss||ChoiceScarf|SereneGrace|AirSlash,Uturn,AlluringVoice,Flamethrower|Timid|,,,252,4,252|N||||,,,,,Flying]Lucario||LucarioniteZ|Steadfast|NastyPlot,AuraSphere,FlashCannon,HiddenPowerIce|Timid|,,,252,,252|N|,0,,,,|||,Ice,,,,Ghost\",\"rating\":1536}\n>chat ☆Bunny Stockfish|Good luck! Playing on **stockfish**.\n>p1 team 2, 1, 5, 3, 6, 4\n>p2 team 3, 2, 1, 4, 5, 6\n>p1 move icebeam terastallize\n>p2 move earthquake\n>p1 move icebeam\n>p2 move stealthrock\n>p2 switch 4\n>p1 move psychicnoise\n>p2 move oxidize dynamax\n>p1 switch 4\n>p2 move oxidize dynamax\n>p1 move malignantchain dynamax\n>p2 move nastyplot dynamax\n>p1 move malignantchain dynamax\n>p2 switch 6\n>p1 move foulplay dynamax\n>p2 move flashcannon mega\n>p1 switch 3\n>p2 move flashcannon\n>p1 move earthquake\n>p2 move hiddenpower\n>p1 switch 2\n>p1 move earthpower\n>p2 move aurasphere\n>p1 switch 4\n>p1 move flamethrower\n>p2 move flashcannon\n>p1 switch 5\n>p1 move grassyglide\n>p2 move aurasphere\n>p1 move grassyglide\n>p2 move aurasphere\n>p1 switch 3\n>p1 move foulplay\n>p2 move flashcannon\n>p1 switch 6\n>p1 move suckerpunch\n>p2 move aurasphere",
	"uploadtime": 1789668714
}