{
	"id": "gen9rpou-8-tlvuiv",
	"format": "[Gen 9] RP OU",
	"players": [
		"Bunny Stockfish",
		"SlimeQueenSamantha"
	],
	"rating": null,
	"log": "|j|☆Bunny Stockfish\n|j|☆SlimeQueenSamantha\n|t:|1790278846\n|gametype|singles\n|badge|p1|silver|gen9rpou|2-2\n|badge|p2|bronze|gen9rpou|3-3\n|player|p1|Bunny Stockfish|bunny.png|1405\n|player|p2|SlimeQueenSamantha|queen.png|1392\n|gen|9\n|tier|[Gen 9] RP OU\n|rated|\n|rule|HP Percentage Mod: HP is shown in percentages\n|rule|Endless Battle Clause: Forcing endless battles is banned\n|rule|Species Clause: Limit one of each Pokémon\n|rule|OHKO Clause: OHKO moves are banned\n|rule|Evasion Clause: Evasion abilities, items, and moves are banned\n|rule|Evasion Abilities Clause: Evasion abilities are banned\n|rule|Evasion Items Clause: Evasion items are banned\n|rule|Evasion Moves Clause: Evasion moves are banned\n|rule|Sleep Clause Mod: Limit one foe put to sleep\n|clearpoke\n|poke|p1|Corviknight|\n|poke|p1|Clodsire|\n|poke|p1|Vaporeon|\n|poke|p1|Blissey|\n|poke|p1|Ting-Lu|\n|poke|p1|Pawmot|\n|poke|p2|Banette, F|\n|poke|p2|Ursaluna-Bloodmoon, M|\n|poke|p2|Magearna|\n|poke|p2|Hatterene, F|\n|poke|p2|Kingambit|\n|poke|p2|Stakataka|\n|teampreview\n|c|☆Bunny Stockfish|Good luck! Playing on **stockfish**.\n|\n|t:|1790278849\n|teamsize|p1|6\n|teamsize|p2|6\n|start\n|switch|p1a: Clodsire|Clodsire|100/100\n|switch|p2a: Banette|Banette, F, shiny|100/100\n|-item|p1a: Clodsire|Heavy-Duty Boots|[from] ability: Frisk|[of] p2a: Banette\n|turn|1\n|\n|t:|1790278852\n|switch|p1a: Ting-Lu|Ting-Lu|100/100\n|-ability|p1a: Ting-Lu|Vessel of Ruin\n|detailschange|p2a: Banette|Banette-Mega-Halloween, F, shiny\n|-mega|p2a: Banette|Banette|Banettite-Halloween\n|-ability|p2a: Banette|Witching Hour\n|-message|The Witching Hour has struck! Banette's tricks can't be stopped, not even by Dark types!\n|-message|Banette's Poltergeist became Witch's Snatch!\n|move|p2a: Banette|Witch's Snatch|p1a: Ting-Lu\n|-resisted|p1a: Ting-Lu\n|-damage|p1a: Ting-Lu|57/100\n|-enditem|p1a: Ting-Lu|Leftovers|[from] move: Witch's Snatch|[of] p2a: Banette\n|-start|p1a: Ting-Lu|typeadd|Ghost|[from] move: Witch's Snatch\n|\n|upkeep\n|turn|2\n|\n|t:|1790278863\n|move|p2a: Banette|Witch's Snatch|p1a: Ting-Lu\n|-damage|p1a: Ting-Lu|0 fnt\n|faint|p1a: Ting-Lu\n|\n|upkeep\n|\n|t:|1790278864\n|switch|p1a: Corviknight|Corviknight|100/100\n|-ability|p1a: Corviknight|Pressure\n|turn|3\n|\n|t:|1790278868\n|-start|p1a: Corviknight|Dynamax|Gmax\n|-heal|p1a: Corviknight|100/100|[silent]\n|move|p2a: Banette|Witch's Snatch|p1a: Corviknight\n|-damage|p1a: Corviknight|58/100\n|-damage|p2a: Banette|84/100|[from] item: Rocky Helmet|[of] p1a: Corviknight\n|-enditem|p1a: Corviknight|Rocky Helmet|[from] move: Witch's Snatch|[of] p2a: Banette\n|-start|p1a: Corviknight|typeadd|Ghost|[from] move: Witch's Snatch\n|move|p1a: Corviknight|G-Max Wind Rage|p2a: Banette\n|-damage|p2a: Banette|9/100\n|\n|upkeep\n|turn|4\n|\n|t:|1790278878\n|move|p2a: Banette|Witch's Snatch|p1a: Corviknight\n|-supereffective|p1a: Corviknight\n|-damage|p1a: Corviknight|0 fnt\n|faint|p1a: Corviknight\n|\n|upkeep\n|\n|t:|1790278879\n|switch|p1a: Pawmot|Pawmot|100/100\n|turn|5\n|\n|t:|1790278886\n|move|p2a: Banette|Destiny Bond|p2a: Banette\n|-singlemove|p2a: Banette|Destiny Bond\n|move|p1a: Pawmot|Voltaic Lance|p2a: Banette\n|-damage|p2a: Banette|0 fnt\n|faint|p2a: Banette\n|-activate|p2a: Banette|move: Destiny Bond\n|detailschange|p2: Banette|Banette, F, shiny|[silent]\n|faint|p1a: Pawmot\n|\n|upkeep\n|\n|t:|1790278892\n|switch|p1a: Vaporeon|Vaporeon|100/100\n|switch|p2a: Hatterene|Hatterene, F|100/100\n|turn|6\n|\n|t:|1790278895\n|switch|p1a: Blissey|Blissey|100/100\n|move|p2a: Hatterene|Trick Room|p2a: Hatterene\n|-fieldstart|move: Trick Room|[of] p2a: Hatterene\n|\n|upkeep\n|turn|7\n|\n|t:|1790278896\n|move|p2a: Hatterene|Psychic Noise|p1a: Blissey\n|-damage|p1a: Blissey|88/100\n|-start|p1a: Blissey|move: Heal Block\n|move|p1a: Blissey|Calm Mind|p1a: Blissey\n|-boost|p1a: Blissey|spa|1\n|-boost|p1a: Blissey|spd|1\n|\n|upkeep\n|turn|8\n|\n|t:|1790278901\n|move|p2a: Hatterene|Healing Wish|p2a: Hatterene\n|faint|p2a: Hatterene\n|move|p1a: Blissey|Calm Mind|p1a: Blissey\n|-boost|p1a: Blissey|spa|1\n|-boost|p1a: Blissey|spd|1\n|\n|-end|p1a: Blissey|move: Heal Block\n|upkeep\n|\n|t:|1790278905\n|switch|p2a: Stakataka|Stakataka|100/100\n|turn|9\n|\n|t:|1790278907\n|move|p2a: Stakataka|Gyro Ball|p1a: Blissey\n|-damage|p1a: Blissey|0 fnt\n|faint|p1a: Blissey\n|-ability|p2a: Stakataka|Beast Boost|boost\n|-boost|p2a: Stakataka|atk|1\n|-damage|p2a: Stakataka|91/100|[from] item: Life Orb\n|\n|upkeep\n|\n|t:|1790278908\n|switch|p1a: Clodsire|Clodsire|100/100\n|turn|10\n|\n|t:|1790278910\n|move|p2a: Stakataka|Gyro Ball|p1a: Clodsire\n|-damage|p1a: Clodsire|47/100\n|-damage|p2a: Stakataka|81/100|[from] item: Life Orb\n|move|p1a: Clodsire|Earthquake|p2a: Stakataka\n|-supereffective|p2a: Stakataka\n|-damage|p2a: Stakataka|15/100\n|\n|-fieldend|move: Trick Room\n|upkeep\n|turn|11\n|\n|t:|1790278915\n|move|p1a: Clodsire|Earthquake|p2a: Stakataka\n|-supereffective|p2a: Stakataka\n|-damage|p2a: Stakataka|0 fnt\n|faint|p2a: Stakataka\n|\n|upkeep\n|\n|t:|1790278917\n|switch|p2a: Magearna|Magearna|100/100\n|turn|12\n|\n|t:|1790278918\n|switch|p1a: Vaporeon|Vaporeon|100/100\n|move|p2a: Magearna|Trick Room|p2a: Magearna\n|-fieldstart|move: Trick Room|[of] p2a: Magearna\n|\n|upkeep\n|turn|13\n|\n|t:|1790278920\n|move|p2a: Magearna|Volt Switch|p1a: Vaporeon\n|-supereffective|p1a: Vaporeon\n|-damage|p1a: Vaporeon|72/100\n|\n|t:|1790278924\n|switch|p2a: Ursaluna|Ursaluna-Bloodmoon, M|100/100|[from] Volt Switch\n|move|p1a: Vaporeon|Scald|p2a: Ursaluna\n|-supereffective|p2a: Ursaluna\n|-crit|p2a: Ursaluna\n|-damage|p2a: Ursaluna|4/100\n|\n|-heal|p2a: Ursaluna|10/100|[from] item: Leftovers\n|-heal|p1a: Vaporeon|78/100|[from] item: Leftovers\n|upkeep\n|turn|14\n|\n|t:|1790278926\n|move|p2a: Ursaluna|Blood Moon|p1a: Vaporeon\n|-damage|p1a: Vaporeon|34/100\n|move|p1a: Vaporeon|Scald|p2a: Ursaluna\n|-supereffective|p2a: Ursaluna\n|-damage|p2a: Ursaluna|0 fnt\n|faint|p2a: Ursaluna\n|\n|-heal|p1a: Vaporeon|40/100|[from] item: Leftovers\n|upkeep\n|\n|t:|1790278932\n|switch|p2a: Kingambit|Kingambit|100/100\n|-activate|p2a: Kingambit|ability: Supreme Overlord\n|-start|p2a: Kingambit|fallen4|[silent]\n|turn|15\n|\n|t:|1790278937\n|-start|p2a: Kingambit|Dynamax|\n|-heal|p2a: Kingambit|100/100|[silent]\n|move|p2a: Kingambit|Max Darkness|p1a: Vaporeon\n|-damage|p1a: Vaporeon|0 fnt\n|faint|p1a: Vaporeon\n|\n|upkeep\n|\n|t:|1790278937\n|switch|p1a: Clodsire|Clodsire|47/100\n|turn|16\n|\n|t:|1790278941\n|move|p1a: Clodsire|Recover|p1a: Clodsire\n|-heal|p1a: Clodsire|97/100\n|move|p2a: Kingambit|Max Darkness|p1a: Clodsire\n|-damage|p1a: Clodsire|0 fnt\n|faint|p1a: Clodsire\n|\n|win|SlimeQueenSamantha\n",
	"inputlog": ">start {\"formatid\":\"gen9rpou\",\"seed\":\"sodium,235c23c3436e38866f1f8f98e81df0df\",\"rated\":\"Rated battle\"}\n>player p1 {\"name\":\"Bunny Stockfish\",\"avatar\":\"bunny.png\",\"team\":\"Corviknight||RockyHelmet|Pressure|BraveBird,Defog,IronDefense,Roost|Impish|248,,252,,8,|N||||,,,G,,Fighting]Clodsire||HeavyDutyBoots|Unaware|Earthquake,Recover,Toxic,Spikes|Careful|248,,8,,252,|N||||,,,,,Dark]Vaporeon||Leftovers|LiquidBody|Scald,Wish,Protect,IceBeam|Calm|252,,4,,252,|N|,0,,,,|||,,,,,Ghost]Blissey||HeavyDutyBoots|NaturalCure|SoftBoiled,CalmMind,SeismicToss,StealthRock|Calm|4,,252,,252,|N|,0,,,,|||,,,,,Water]Ting-Lu||Leftovers|VesselofRuin|Rest,Earthquake,Ruination,HiddenPower|Careful|252,,4,,252,|N||||,Dark,,,,Water]Pawmot||LifeOrb|VoltAbsorb|FocusPunch,VoltaicLance,MachPunch,IcePunch|Jolly|,4,252,,,252|N||||,,,,,Grass\",\"rating\":1405}\n>player p2 {\"name\":\"SlimeQueenSamantha\",\"avatar\":\"queen.png\",\"team\":\"Banette||BanettiteHalloween|Frisk|Poltergeist,ShadowSneak,DestinyBond,twilightexit|Adamant|4,252,,,,252|F||S||,,,,,Ghost]Ursaluna|UrsalunaBloodmoon|Leftovers|MindsEye|CalmMind,BloodMoon,HyperVoice,EarthPower|Modest|252,,4,252,,|M||||,,,,,Normal]Magearna||Leftovers|SoulHeart|TrickRoom,VoltSwitch,FleurCannon,FlashCannon|Quiet|252,,,252,4,|N|,0,,,,|||,,,,,Steel]Hatterene||FocusSash|MagicBounce|TrickRoom,PsychicNoise,DazzlingGleam,HealingWish|Quiet|252,,4,252,,|F|,0,,,,0|||,,,,,Water]Kingambit||Leftovers|SupremeOverlord|KnockOff,SuckerPunch,IronHead,SwordsDance|Adamant|252,252,,,4,|N||||,,,,,Dark]Stakataka||LifeOrb|BeastBoost|TrickRoom,GyroBall,StoneEdge,Earthquake|Lonely|252,252,,,4,|N|,,15,,,0|||,,,,,Rock\",\"rating\":1392}\n>chat ☆Bunny Stockfish|Good luck! Playing on **stockfish**.\n>p1 team 2, 6, 1, 3, 4, 5\n>p2 team 1, 2, 3, 4, 5, 6\n>p1 switch 6\n>p2 move poltergeist mega\n>p1 move earthquake\n>p2 move witchssnatch\n>p1 switch 3\n>p1 move bravebird dynamax\n>p2 move witchssnatch\n>p1 move bravebird dynamax\n>p2 move witchssnatch\n>p1 switch 2\n>p1 move voltaiclance\n>p2 move destinybond\n>p1 switch 4\n>p2 switch 4\n>p1 switch 5\n>p2 move trickroom\n>p1 move calmmind\n>p2 move psychicnoise\n>p1 move calmmind\n>p2 move healingwish\n>p2 switch 6\n>p1 move seismictoss\n>p2 move gyroball\n>p1 switch 6\n>p1 move earthquake\n>p2 move gyroball\n>p1 move earthquake\n>p2 move gyroball\n>p2 switch 3\n>p1 switch 5\n>p2 move trickroom\n>p1 move scald\n>p2 move voltswitch\n>p2 switch 2\n>p1 move scald\n>p2 move bloodmoon\n>p2 switch 5\n>p1 move scald\n>p2 move knockoff dynamax\n>p1 switch 5\n>p1 move recover\n>p2 move knockoff dynamax",
	"uploadtime": 1790278941
}