{
	"id": "gen9ou-5-tmoez3",
	"format": "[Gen 9] OU",
	"players": [
		"Bunny Normal",
		"Awther"
	],
	"rating": null,
	"log": "|j|☆Bunny Normal\n|j|☆Awther\n|t:|1791653991\n|gametype|singles\n|player|p1|Bunny Normal|bunny.png|1000\n|player|p2|Awther|blue|1000\n|gen|9\n|tier|[Gen 9] OU\n|rated|\n|rule|HP Percentage Mod: HP is shown in percentages\n|rule|Endless Battle Clause: Forcing endless battles is banned\n|rule|Species Clause: Limit one of each Pokémon\n|rule|OHKO Clause: OHKO moves are banned\n|rule|Evasion Items Clause: Evasion items are banned\n|rule|Evasion Moves Clause: Evasion moves are banned\n|rule|Evasion Abilities Clause: Evasion abilities are banned\n|rule|Sleep Moves Clause: Sleep-inducing moves are banned\n|clearpoke\n|poke|p1|Skeledirge, F|\n|poke|p1|Quagsire, F|\n|poke|p1|Bellossom, F|\n|poke|p1|Corviknight, F|\n|poke|p1|Mandibuzz, F|\n|poke|p1|Blissey, F|\n|poke|p2|Dragonite, F|\n|poke|p2|Great Tusk|\n|poke|p2|Deoxys-Speed|\n|poke|p2|Gholdengo|\n|poke|p2|Zamazenta-*|\n|poke|p2|Iron Valiant|\n|teampreview\n|c|☆Bunny Normal|Good luck! Playing on **normal**.\n|\n|t:|1791653998\n|teamsize|p1|6\n|teamsize|p2|6\n|start\n|switch|p1a: Quagsire|Quagsire, F|100/100\n|switch|p2a: Deoxys|Deoxys-Speed|100/100\n|-ability|p2a: Deoxys|Pressure\n|turn|1\n|\n|t:|1791654006\n|move|p2a: Deoxys|Skill Swap|p1a: Quagsire\n|-activate|p2a: Deoxys|Skill Swap|Unaware|Pressure|[of] p1a: Quagsire\n|-ability|p1a: Quagsire|Pressure\n|move|p1a: Quagsire|Earthquake|p2a: Deoxys\n|-damage|p2a: Deoxys|64/100\n|\n|upkeep\n|turn|2\n|\n|t:|1791654014\n|move|p2a: Deoxys|Stealth Rock|p1a: Quagsire\n|-sidestart|p1: Bunny Normal|move: Stealth Rock\n|move|p1a: Quagsire|Earthquake|p2a: Deoxys\n|-damage|p2a: Deoxys|30/100\n|\n|upkeep\n|turn|3\n|\n|t:|1791654016\n|move|p2a: Deoxys|Spikes|p1a: Quagsire\n|-sidestart|p1: Bunny Normal|Spikes\n|move|p1a: Quagsire|Earthquake|p2a: Deoxys\n|-damage|p2a: Deoxys|0 fnt\n|faint|p2a: Deoxys\n|\n|upkeep\n|\n|t:|1791654035\n|switch|p2a: Dragonite|Dragonite, F|100/100\n|turn|4\n|\n|t:|1791654040\n|move|p2a: Dragonite|Dragon Dance|p2a: Dragonite\n|-boost|p2a: Dragonite|atk|1\n|-boost|p2a: Dragonite|spe|1\n|move|p1a: Quagsire|Toxic Spikes|p2a: Dragonite\n|-sidestart|p2: Awther|move: Toxic Spikes\n|\n|upkeep\n|turn|5\n|\n|t:|1791654046\n|move|p2a: Dragonite|Dragon Dance|p2a: Dragonite\n|-boost|p2a: Dragonite|atk|1\n|-boost|p2a: Dragonite|spe|1\n|move|p1a: Quagsire|Toxic Spikes|p2a: Dragonite\n|-sidestart|p2: Awther|move: Toxic Spikes\n|\n|upkeep\n|turn|6\n|\n|t:|1791654052\n|switch|p1a: Skeledirge|Skeledirge, F|100/100\n|move|p2a: Dragonite|Outrage|p1a: Skeledirge\n|-crit|p1a: Skeledirge\n|-damage|p1a: Skeledirge|19/100\n|-damage|p2a: Dragonite|91/100|[from] item: Life Orb\n|\n|upkeep\n|turn|7\n|\n|t:|1791654058\n|move|p2a: Dragonite|Outrage|p1a: Skeledirge|[from] lockedmove\n|-damage|p1a: Skeledirge|0 fnt\n|faint|p1a: Skeledirge\n|-damage|p2a: Dragonite|81/100|[from] item: Life Orb\n|-start|p2a: Dragonite|confusion|[fatigue]\n|\n|upkeep\n|\n|t:|1791654058\n|switch|p1a: Corviknight|Corviknight, F|100/100\n|-damage|p1a: Corviknight|88/100|[from] Stealth Rock\n|-ability|p1a: Corviknight|Pressure\n|turn|8\n|\n|t:|1791654064\n|switch|p1a: Quagsire|Quagsire, F|100/100\n|-damage|p1a: Quagsire|94/100|[from] Stealth Rock\n|-damage|p1a: Quagsire|82/100|[from] Spikes\n|-activate|p2a: Dragonite|confusion\n|move|p2a: Dragonite|Fire Punch|p1a: Quagsire\n|-resisted|p1a: Quagsire\n|-damage|p1a: Quagsire|68/100\n|-damage|p2a: Dragonite|64/100|[from] item: Rocky Helmet|[of] p1a: Quagsire\n|-damage|p2a: Dragonite|54/100|[from] item: Life Orb\n|\n|upkeep\n|turn|9\n|\n|t:|1791654069\n|-activate|p2a: Dragonite|confusion\n|-damage|p2a: Dragonite|21/100|[from] confusion\n|move|p1a: Quagsire|Toxic Spikes||[still]\n|-fail|p1a: Quagsire\n|\n|upkeep\n|turn|10\n|\n|t:|1791654074\n|-activate|p2a: Dragonite|confusion\n|move|p2a: Dragonite|Outrage|p1a: Quagsire\n|-damage|p1a: Quagsire|9/100\n|-damage|p2a: Dragonite|5/100|[from] item: Rocky Helmet|[of] p1a: Quagsire\n|-damage|p2a: Dragonite|0 fnt|[from] item: Life Orb\n|faint|p2a: Dragonite\n|move|p1a: Quagsire|Recover|p1a: Quagsire\n|-heal|p1a: Quagsire|59/100\n|\n|upkeep\n|\n|t:|1791654083\n|switch|p2a: Gholdengo|Gholdengo|100/100\n|turn|11\n|\n|t:|1791654086\n|move|p2a: Gholdengo|Nasty Plot|p2a: Gholdengo\n|-boost|p2a: Gholdengo|spa|2\n|move|p1a: Quagsire|Earthquake|p2a: Gholdengo\n|-supereffective|p2a: Gholdengo\n|-damage|p2a: Gholdengo|51/100\n|\n|upkeep\n|turn|12\n|\n|t:|1791654091\n|move|p2a: Gholdengo|Shadow Ball|p1a: Quagsire\n|-damage|p1a: Quagsire|10/100\n|move|p1a: Quagsire|Earthquake|p2a: Gholdengo\n|-supereffective|p2a: Gholdengo\n|-damage|p2a: Gholdengo|3/100\n|\n|upkeep\n|turn|13\n|-enditem|p2a: Gholdengo|Custap Berry|[eat]\n|-activate|p2a: Gholdengo|item: Custap Berry|[consumed]\n|\n|t:|1791654097\n|move|p2a: Gholdengo|Shadow Ball|p1a: Quagsire\n|-damage|p1a: Quagsire|0 fnt\n|faint|p1a: Quagsire\n|\n|upkeep\n|\n|t:|1791654097\n|switch|p1a: Mandibuzz|Mandibuzz, F|100/100\n|turn|14\n|\n|t:|1791654101\n|move|p2a: Gholdengo|Recover|p2a: Gholdengo\n|-heal|p2a: Gholdengo|53/100\n|move|p1a: Mandibuzz|Toxic|p2a: Gholdengo\n|-immune|p2a: Gholdengo|[from] ability: Good as Gold\n|\n|upkeep\n|turn|15\n|\n|t:|1791654106\n|move|p2a: Gholdengo|Recover|p2a: Gholdengo\n|-heal|p2a: Gholdengo|100/100\n|move|p1a: Mandibuzz|Knock Off|p2a: Gholdengo\n|-supereffective|p2a: Gholdengo\n|-damage|p2a: Gholdengo|73/100\n|\n|upkeep\n|turn|16\n|\n|t:|1791654109\n|move|p2a: Gholdengo|Make It Rain|p1a: Mandibuzz\n|-damage|p1a: Mandibuzz|0 fnt\n|-unboost|p2a: Gholdengo|spa|1\n|faint|p1a: Mandibuzz\n|\n|upkeep\n|\n|t:|1791654109\n|switch|p1a: Bellossom|Bellossom, F|100/100\n|-damage|p1a: Bellossom|88/100|[from] Stealth Rock\n|-damage|p1a: Bellossom|76/100|[from] Spikes\n|turn|17\n|\n|t:|1791654117\n|move|p2a: Gholdengo|Shadow Ball|p1a: Bellossom\n|-damage|p1a: Bellossom|31/100\n|move|p1a: Bellossom|Energy Ball|p2a: Gholdengo\n|-resisted|p2a: Gholdengo\n|-damage|p2a: Gholdengo|60/100\n|\n|-heal|p1a: Bellossom|37/100|[from] item: Leftovers\n|upkeep\n|turn|18\n|\n|t:|1791654122\n|switch|p1a: Blissey|Blissey, F|100/100\n|-damage|p1a: Blissey|88/100|[from] Stealth Rock\n|-damage|p1a: Blissey|76/100|[from] Spikes\n|move|p2a: Gholdengo|Shadow Ball|p1a: Blissey\n|-immune|p1a: Blissey\n|\n|-heal|p1a: Blissey|82/100|[from] item: Leftovers\n|upkeep\n|turn|19\n|\n|t:|1791654131\n|move|p2a: Gholdengo|Nasty Plot|p2a: Gholdengo\n|-boost|p2a: Gholdengo|spa|2\n|move|p1a: Blissey|Stealth Rock|p2a: Gholdengo\n|-sidestart|p2: Awther|move: Stealth Rock\n|\n|-heal|p1a: Blissey|88/100|[from] item: Leftovers\n|upkeep\n|turn|20\n|\n|t:|1791654136\n|move|p2a: Gholdengo|Make It Rain|p1a: Blissey\n|-damage|p1a: Blissey|45/100\n|-unboost|p2a: Gholdengo|spa|1\n|move|p1a: Blissey|Soft-Boiled|p1a: Blissey\n|-heal|p1a: Blissey|95/100\n|\n|-heal|p1a: Blissey|100/100|[from] item: Leftovers\n|upkeep\n|turn|21\n|\n|t:|1791654141\n|move|p2a: Gholdengo|Nasty Plot|p2a: Gholdengo\n|-boost|p2a: Gholdengo|spa|2\n|move|p1a: Blissey|Stealth Rock||[still]\n|-fail|p1a: Blissey\n|\n|upkeep\n|turn|22\n|\n|t:|1791654143\n|move|p2a: Gholdengo|Nasty Plot|p2a: Gholdengo\n|-boost|p2a: Gholdengo|spa|2\n|move|p1a: Blissey|Stealth Rock||[still]\n|-fail|p1a: Blissey\n|\n|upkeep\n|turn|23\n|\n|t:|1791654146\n|move|p2a: Gholdengo|Make It Rain|p1a: Blissey\n|-damage|p1a: Blissey|36/100\n|-unboost|p2a: Gholdengo|spa|1\n|move|p1a: Blissey|Stealth Rock||[still]\n|-fail|p1a: Blissey\n|\n|-heal|p1a: Blissey|42/100|[from] item: Leftovers\n|upkeep\n|turn|24\n|\n|t:|1791654150\n|move|p2a: Gholdengo|Make It Rain|p1a: Blissey\n|-damage|p1a: Blissey|0 fnt\n|-unboost|p2a: Gholdengo|spa|1\n|faint|p1a: Blissey\n|\n|upkeep\n|\n|t:|1791654150\n|switch|p1a: Corviknight|Corviknight, F|88/100\n|-damage|p1a: Corviknight|75/100|[from] Stealth Rock\n|-ability|p1a: Corviknight|Pressure\n|turn|25\n|\n|t:|1791654154\n|move|p2a: Gholdengo|Nasty Plot|p2a: Gholdengo\n|-boost|p2a: Gholdengo|spa|2\n|move|p1a: Corviknight|Drill Peck|p2a: Gholdengo\n|-resisted|p2a: Gholdengo\n|-damage|p2a: Gholdengo|50/100\n|\n|-heal|p1a: Corviknight|82/100|[from] item: Leftovers\n|upkeep\n|turn|26\n|\n|t:|1791654159\n|move|p2a: Gholdengo|Shadow Ball|p1a: Corviknight\n|-damage|p1a: Corviknight|0 fnt\n|faint|p1a: Corviknight\n|\n|upkeep\n|\n|t:|1791654159\n|switch|p1a: Bellossom|Bellossom, F|37/100\n|-damage|p1a: Bellossom|25/100|[from] Stealth Rock\n|-damage|p1a: Bellossom|12/100|[from] Spikes\n|turn|27\n|\n|t:|1791654162\n|move|p2a: Gholdengo|Shadow Ball|p1a: Bellossom\n|-damage|p1a: Bellossom|0 fnt\n|faint|p1a: Bellossom\n|\n|win|Awther\n|raw|Bunny Normal's rating: 1000 &rarr; <strong>1211</strong><br />(+211 for losing)\n|raw|Awther's rating: 1000 &rarr; <strong>1045</strong><br />(+45 for winning)\n|raw|<small>Bunny Normal is at its plateau (1211): a bot's rating never drops below it, so it stays at 1211 (-0). Your win still counts in full.</small>\n|l|☆Bunny Normal\n|player|p1|\n",
	"inputlog": ">start {\"formatid\":\"gen9ou\",\"seed\":\"sodium,5a9cb71501652be7194ad56b0f3e44d7\",\"rated\":\"Rated battle\"}\n>player p1 {\"name\":\"Bunny Normal\",\"avatar\":\"bunny.png\",\"team\":\"Skeledirge||HeavyDutyBoots|Unaware|SlackOff,Flamethrower,WillOWisp,Roar|Bold|252,,252,,4,||,0,,,,|||,,,,,Fire]Quagsire||RockyHelmet|Unaware|Recover,Earthquake,Spikes,ToxicSpikes|Impish|252,,252,,4,|||||,,,,,Fire]Bellossom||Leftovers|Healer|Moonlight,EnergyBall,QuiverDance,Toxic|Calm|252,,4,,252,||,0,,,,|||,,,,,Grass]Corviknight||Leftovers|Pressure|Roost,DrillPeck,Defog,Protect|Impish|252,,252,,4,|||||,,,,,Flying]Mandibuzz||HeavyDutyBoots|Overcoat|Roost,KnockOff,Toxic,Protect|Impish|252,,252,,4,|F||||,,,,,Fire]Blissey||Leftovers|NaturalCure|SoftBoiled,SeismicToss,StealthRock,HealBell|Calm|252,,4,,252,|F||||,,,,,Poison\",\"rating\":1000}\n>player p2 {\"name\":\"Awther\",\"avatar\":\"blue\",\"team\":\"Dragonite||LifeOrb|Multiscale|Outrage,FirePunch,ExtremeSpeed,DragonDance|Adamant|,252,4,,,252|||||,,,,,Fire]Great Tusk||BoosterEnergy|Protosynthesis|HeadlongRush,IceSpinner,Taunt,BulkUp|Jolly|248,4,4,,,252|N||||,Fighting,,,,Ghost]Deoxys|DeoxysSpeed|FocusSash|Pressure|Taunt,StealthRock,Spikes,SkillSwap|Timid|248,,8,,,252|N|,0,,,,|||,,,,,Ghost]Gholdengo||CustapBerry|GoodasGold|ShadowBall,MakeItRain,Recover,NastyPlot|Modest|248,,176,72,,12|N|,0,,,,|||,,,,,Fairy]Zamazenta||LifeOrb|DauntlessShield|CloseCombat,Crunch,HeavySlam,IceFang|Adamant|,252,,,4,252|N||||,,,,,Steel]Iron Valiant||BoosterEnergy|QuarkDrive|Moonblast,KnockOff,Taunt,DestinyBond|Naive|,4,,252,,252|N||S||,,,,,Ghost\",\"rating\":1000}\n>chat ☆Bunny Normal|Good luck! Playing on **normal**.\n>p1 team 2, 5, 4, 1, 6, 3\n>p2 team 3, 2, 1, 4, 5, 6\n>p1 move earthquake\n>p2 move skillswap\n>p1 move earthquake\n>p2 move stealthrock\n>p1 move earthquake\n>p2 move spikes\n>p2 switch 3\n>p1 move toxicspikes\n>p2 move dragondance\n>p1 move toxicspikes\n>p2 move dragondance\n>p1 switch 4\n>p2 move outrage\n>p1 move slackoff\n>p2 move outrage\n>p1 switch 3\n>p1 switch 4\n>p2 move firepunch\n>p1 move toxicspikes\n>p2 move outrage\n>p1 move recover\n>p2 move outrage\n>p2 switch 4\n>p1 move earthquake\n>p2 move nastyplot\n>p1 move earthquake\n>p2 move shadowball\n>p1 move earthquake\n>p2 move shadowball\n>p1 switch 2\n>p1 move toxic\n>p2 move recover\n>p1 move knockoff\n>p2 move recover\n>p1 move knockoff\n>p2 move makeitrain\n>p1 switch 6\n>p1 move energyball\n>p2 move shadowball\n>p1 switch 5\n>p2 move shadowball\n>p1 move stealthrock\n>p2 move nastyplot\n>p1 move softboiled\n>p2 move makeitrain\n>p1 move stealthrock\n>p2 move nastyplot\n>p1 move stealthrock\n>p2 move nastyplot\n>p1 move stealthrock\n>p2 move makeitrain\n>p1 move stealthrock\n>p2 move makeitrain\n>p1 switch 4\n>p1 move drillpeck\n>p2 move nastyplot\n>p1 move drillpeck\n>p2 move shadowball\n>p1 switch 5\n>p1 move energyball\n>p2 move shadowball",
	"uploadtime": 1791654176
}