{
	"id": "gen9rpou-9-tliry4",
	"format": "[Gen 9] RP OU",
	"players": [
		"Bunny Stockfish",
		"SlimeQueenSamantha"
	],
	"rating": null,
	"log": "|j|☆Bunny Stockfish\n|j|☆SlimeQueenSamantha\n|t:|1789668586\n|gametype|singles\n|player|p1|Bunny Stockfish|bunny.png|1332\n|player|p2|SlimeQueenSamantha|queen.png|1526\n|gen|9\n|tier|[Gen 9] RP OU\n|rated|\n|rule|HP Percentage Mod: HP is shown in percentages\n|rule|Endless Battle Clause: Forcing endless battles is banned\n|rule|Species Clause: Limit one of each Pokémon\n|rule|OHKO Clause: OHKO moves are banned\n|rule|Evasion Clause: Evasion abilities, items, and moves are banned\n|rule|Evasion Abilities Clause: Evasion abilities are banned\n|rule|Evasion Items Clause: Evasion items are banned\n|rule|Evasion Moves Clause: Evasion moves are banned\n|rule|Sleep Clause Mod: Limit one foe put to sleep\n|clearpoke\n|poke|p1|Dondozo|\n|poke|p1|Gholdengo|\n|poke|p1|Samurott-Hisui|\n|poke|p1|Gliscor|\n|poke|p1|Kyurem|\n|poke|p1|Cinderace|\n|poke|p2|Spiritomb|\n|poke|p2|Glaceon|\n|poke|p2|Garchomp|\n|poke|p2|Roserade|\n|poke|p2|Togekiss|\n|poke|p2|Lucario|\n|teampreview\n|c|☆Bunny Stockfish|Good luck! Playing on **stockfish**.\n|\n|t:|1789668591\n|teamsize|p1|6\n|teamsize|p2|6\n|start\n|switch|p1a: Gholdengo|Gholdengo|100/100\n|switch|p2a: Garchomp|Garchomp|100/100\n|turn|1\n|\n|t:|1789668594\n|-terastallize|p1a: Gholdengo|Fairy\n|move|p2a: Garchomp|Earthquake|p1a: Gholdengo\n|-damage|p1a: Gholdengo|68/100\n|move|p1a: Gholdengo|Make It Rain|p2a: Garchomp\n|-damage|p2a: Garchomp|49/100\n|-unboost|p1a: Gholdengo|spa|1\n|\n|-heal|p1a: Gholdengo|74/100|[from] item: Leftovers\n|upkeep\n|turn|2\n|\n|t:|1789668599\n|move|p2a: Garchomp|Stealth Rock|p1a: Gholdengo\n|-sidestart|p1: Bunny Stockfish|move: Stealth Rock\n|move|p1a: Gholdengo|Make It Rain|p2a: Garchomp\n|-damage|p2a: Garchomp|13/100\n|-unboost|p1a: Gholdengo|spa|1\n|\n|-heal|p1a: Gholdengo|80/100|[from] item: Leftovers\n|upkeep\n|turn|3\n|\n|t:|1789668603\n|move|p2a: Garchomp|Spikes|p1a: Gholdengo\n|-sidestart|p1: Bunny Stockfish|Spikes\n|move|p1a: Gholdengo|Make It Rain|p2a: Garchomp\n|-damage|p2a: Garchomp|0 fnt\n|-unboost|p1a: Gholdengo|spa|1\n|faint|p2a: Garchomp\n|\n|-heal|p1a: Gholdengo|86/100|[from] item: Leftovers\n|upkeep\n|\n|t:|1789668610\n|switch|p2a: Glaceon|Glaceon|100/100\n|-weather|Snowscape|[from] ability: Diamond Dust|[of] p2a: Glaceon\n|turn|4\n|\n|t:|1789668613\n|switch|p1a: Cinderace|Cinderace|100/100\n|-terastallize|p2a: Glaceon|Ice\n|move|p2a: Glaceon|Blizzard|p1a: Cinderace\n|-resisted|p1a: Cinderace\n|-damage|p1a: Cinderace|30/100\n|-damage|p2a: Glaceon|91/100|[from] item: Life Orb\n|\n|-weather|Snowscape|[upkeep]\n|upkeep\n|turn|5\n|\n|t:|1789668616\n|move|p2a: Glaceon|Earth Power|p1a: Cinderace\n|-supereffective|p1a: Cinderace\n|-damage|p1a: Cinderace|0 fnt\n|faint|p1a: Cinderace\n|-damage|p2a: Glaceon|81/100|[from] item: Life Orb\n|\n|-weather|Snowscape|[upkeep]\n|upkeep\n|\n|t:|1789668617\n|switch|p1a: Gholdengo|Gholdengo, tera:Fairy|86/100\n|-damage|p1a: Gholdengo|74/100|[from] Stealth Rock\n|-damage|p1a: Gholdengo|61/100|[from] Spikes\n|turn|6\n|\n|t:|1789668619\n|move|p2a: Glaceon|Blizzard|p1a: Gholdengo\n|-damage|p1a: Gholdengo|0 fnt\n|faint|p1a: Gholdengo\n|-damage|p2a: Glaceon|71/100|[from] item: Life Orb\n|\n|-weather|Snowscape|[upkeep]\n|upkeep\n|\n|t:|1789668620\n|switch|p1a: Dondozo|Dondozo|100/100\n|-damage|p1a: Dondozo|88/100|[from] Stealth Rock\n|-damage|p1a: Dondozo|75/100|[from] Spikes\n|turn|7\n|\n|t:|1789668622\n|-start|p1a: Dondozo|Dynamax|\n|-heal|p1a: Dondozo|75/100|[silent]\n|move|p2a: Glaceon|Freeze-Dry|p1a: Dondozo\n|-supereffective|p1a: Dondozo\n|-damage|p1a: Dondozo|13/100\n|-damage|p2a: Glaceon|61/100|[from] item: Life Orb\n|move|p1a: Dondozo|Max Knuckle|p2a: Glaceon\n|-supereffective|p2a: Glaceon\n|-damage|p2a: Glaceon|27/100\n|-boost|p1a: Dondozo|atk|1\n|\n|-weather|Snowscape|[upkeep]\n|-heal|p1a: Dondozo|16/100|[from] item: Leftovers\n|upkeep\n|turn|8\n|\n|t:|1789668624\n|move|p2a: Glaceon|Freeze-Dry|p1a: Dondozo\n|-supereffective|p1a: Dondozo\n|-damage|p1a: Dondozo|0 fnt\n|faint|p1a: Dondozo\n|-damage|p2a: Glaceon|17/100|[from] item: Life Orb\n|\n|-weather|none\n|upkeep\n|\n|t:|1789668624\n|switch|p1a: Kyurem|Kyurem|100/100\n|-damage|p1a: Kyurem|76/100|[from] Stealth Rock\n|-damage|p1a: Kyurem|63/100|[from] Spikes\n|-ability|p1a: Kyurem|Pressure\n|turn|9\n|\n|t:|1789668626\n|move|p1a: Kyurem|Draco Meteor|p2a: Glaceon\n|-damage|p2a: Glaceon|0 fnt\n|-unboost|p1a: Kyurem|spa|2\n|faint|p2a: Glaceon\n|\n|upkeep\n|\n|t:|1789668629\n|switch|p2a: Togekiss|Togekiss|100/100\n|turn|10\n|\n|t:|1789668632\n|switch|p1a: Gliscor|Gliscor|100/100\n|-damage|p1a: Gliscor|88/100|[from] Stealth Rock\n|move|p2a: Togekiss|Alluring Voice|p1a: Gliscor\n|-damage|p1a: Gliscor|56/100\n|\n|-status|p1a: Gliscor|tox|[from] item: Toxic Orb\n|upkeep\n|turn|11\n|\n|t:|1789668634\n|move|p2a: Togekiss|Alluring Voice|p1a: Gliscor\n|-damage|p1a: Gliscor|22/100 tox\n|move|p1a: Gliscor|Facade|p2a: Togekiss\n|-damage|p2a: Togekiss|68/100\n|\n|-heal|p1a: Gliscor|35/100 tox|[from] ability: Poison Heal\n|upkeep\n|turn|12\n|\n|t:|1789668637\n|move|p2a: Togekiss|Alluring Voice|p1a: Gliscor\n|-damage|p1a: Gliscor|0 fnt\n|faint|p1a: Gliscor\n|\n|upkeep\n|\n|t:|1789668637\n|switch|p1a: Samurott|Samurott-Hisui|100/100\n|-damage|p1a: Samurott|88/100|[from] Stealth Rock\n|-damage|p1a: Samurott|76/100|[from] Spikes\n|turn|13\n|\n|t:|1789668638\n|move|p2a: Togekiss|Alluring Voice|p1a: Samurott\n|-supereffective|p1a: Samurott\n|-crit|p1a: Samurott\n|-damage|p1a: Samurott|0 fnt\n|faint|p1a: Samurott\n|\n|upkeep\n|\n|t:|1789668638\n|switch|p1a: Kyurem|Kyurem|63/100\n|-damage|p1a: Kyurem|39/100|[from] Stealth Rock\n|-damage|p1a: Kyurem|26/100|[from] Spikes\n|-ability|p1a: Kyurem|Pressure\n|turn|14\n|\n|t:|1789668640\n|move|p2a: Togekiss|Alluring Voice|p1a: Kyurem\n|-supereffective|p1a: Kyurem\n|-damage|p1a: Kyurem|0 fnt\n|faint|p1a: Kyurem\n|\n|win|SlimeQueenSamantha\n",
	"inputlog": ">start {\"formatid\":\"gen9rpou\",\"seed\":\"sodium,732f1feea2b5c86b8d1a836a0bcbe75c\",\"rated\":\"Rated battle\"}\n>player p1 {\"name\":\"Bunny Stockfish\",\"avatar\":\"bunny.png\",\"team\":\"Dondozo||Leftovers|Unaware|Undertow,Curse,BodyPress,Avalanche|Impish|252,,252,,4,|N||||,,,,,Dark]Gholdengo||Leftovers|GoodasGold|NastyPlot,ShadowBall,Recover,MakeItRain|Bold|252,,196,,,60|N||||,,,,,Fairy]Samurott|SamurottHisui|BlackGlasses|Sharpness|SwordsDance,CeaselessEdge,RazorShell,SuckerPunch|Adamant|,252,4,,,252|N||||,,,,,Dark]Gliscor||ToxicOrb|PoisonHeal|SwordsDance,Facade,KnockOff,HiveFrenzy|Careful|244,,36,,228,|N||||,,,,,Normal]Kyurem||ChoiceScarf|Pressure|IceBeam,DracoMeteor,FreezeDry,EarthPower|Modest|,,,252,4,252|N|,0,,,,|||,,,,,Ice]Cinderace||HeavyDutyBoots|Blaze|PyroBall,Uturn,CourtChange,WillOWisp|Jolly|224,32,,,,252|N||||,,,,,Ghost\",\"rating\":1332}\n>player p2 {\"name\":\"SlimeQueenSamantha\",\"avatar\":\"queen.png\",\"team\":\"Spiritomb||Leftovers|KeystoneLegion|SoulToll,StrengthSap,PartingShot,WillOWisp|Calm|252,,4,,252,|N||||,,,,,Fairy]Glaceon||LifeOrb|DiamondDust|Blizzard,FreezeDry,AuroraVeil,EarthPower|Modest|,,4,252,,252|N|,0,,,,|||,,,,,Ice]Garchomp||RockyHelmet|RoughSkin|Earthquake,DragonTail,StealthRock,Spikes|Impish|252,,216,,,40|N||||,,,,,Ghost]Roserade||HeavyDutyBoots|Masquerade|ThornedBouquet,Oxidize,NastyPlot,MortalSpin|Timid|,,,252,4,252|N||||,,,,,Water]Togekiss||ChoiceScarf|SereneGrace|AirSlash,Uturn,AlluringVoice,Flamethrower|Timid|,,,252,4,252|N||||,,,,,Flying]Lucario||LucarioniteZ|Steadfast|NastyPlot,AuraSphere,FlashCannon,HiddenPowerIce|Timid|,,,252,,252|N|,0,,,,|||,Ice,,,,Ghost\",\"rating\":1526}\n>chat ☆Bunny Stockfish|Good luck! Playing on **stockfish**.\n>p1 team 2, 6, 5, 3, 4, 1\n>p2 team 3, 2, 1, 4, 5, 6\n>p1 move makeitrain terastallize\n>p2 move earthquake\n>p1 move makeitrain\n>p2 move stealthrock\n>p1 move makeitrain\n>p2 move spikes\n>p2 switch 2\n>p1 switch 2\n>p2 move blizzard terastallize\n>p1 move pyroball\n>p2 move earthpower\n>p1 switch 2\n>p1 move makeitrain\n>p2 move blizzard\n>p1 switch 6\n>p1 move bodypress dynamax\n>p2 move freezedry\n>p1 move bodypress dynamax\n>p2 move freezedry\n>p1 switch 3\n>p1 move dracometeor\n>p2 move blizzard\n>p2 switch 5\n>p1 switch 5\n>p2 move alluringvoice\n>p1 move facade\n>p2 move alluringvoice\n>p1 move facade\n>p2 move alluringvoice\n>p1 switch 4\n>p1 move razorshell\n>p2 move alluringvoice\n>p1 switch 5\n>p1 move icebeam\n>p2 move alluringvoice",
	"uploadtime": 1789668640
}