{
	"id": "gen9rpou-5-tlvwbi",
	"format": "[Gen 9] RP OU",
	"players": [
		"Bunny Stockfish",
		"SlimeQueenSamantha"
	],
	"rating": null,
	"log": "|j|☆Bunny Stockfish\n|j|☆SlimeQueenSamantha\n|t:|1790280136\n|gametype|singles\n|badge|p1|silver|gen9rpou|2-2\n|badge|p2|bronze|gen9rpou|3-3\n|player|p1|Bunny Stockfish|bunny.png|1405\n|player|p2|SlimeQueenSamantha|queen.png|1389\n|gen|9\n|tier|[Gen 9] RP OU\n|rated|\n|rule|HP Percentage Mod: HP is shown in percentages\n|rule|Endless Battle Clause: Forcing endless battles is banned\n|rule|Species Clause: Limit one of each Pokémon\n|rule|OHKO Clause: OHKO moves are banned\n|rule|Evasion Clause: Evasion abilities, items, and moves are banned\n|rule|Evasion Abilities Clause: Evasion abilities are banned\n|rule|Evasion Items Clause: Evasion items are banned\n|rule|Evasion Moves Clause: Evasion moves are banned\n|rule|Sleep Clause Mod: Limit one foe put to sleep\n|clearpoke\n|poke|p1|Enamorus-Therian|\n|poke|p1|Kingambit|\n|poke|p1|Swampert|\n|poke|p1|Magearna|\n|poke|p1|Samurott-Hisui|\n|poke|p1|Pawmot|\n|poke|p2|Banette|\n|poke|p2|Weavile|\n|poke|p2|Corviknight|\n|poke|p2|Landorus-Therian|\n|poke|p2|Slowbro|\n|poke|p2|Iron Valiant|\n|teampreview\n|c|☆Bunny Stockfish|Good luck! Playing on **stockfish**.\n|\n|t:|1790280140\n|teamsize|p1|6\n|teamsize|p2|6\n|start\n|switch|p1a: Magearna|Magearna|100/100\n|switch|p2a: Banette|Banette, shiny|100/100\n|-item|p1a: Magearna|Life Orb|[from] ability: Frisk|[of] p2a: Banette\n|turn|1\n|\n|t:|1790280147\n|switch|p2a: Landorus|Landorus-Therian|100/100\n|-ability|p2a: Landorus|Intimidate|boost\n|-unboost|p1a: Magearna|atk|1\n|-start|p1a: Magearna|Dynamax|\n|-heal|p1a: Magearna|100/100|[silent]\n|move|p1a: Magearna|Max Starfall|p2a: Landorus\n|-damage|p2a: Landorus|28/100\n|-fieldstart|move: Misty Terrain\n|-damage|p1a: Magearna|96/100|[from] item: Life Orb\n|\n|-heal|p2a: Landorus|34/100|[from] item: Leftovers\n|upkeep\n|turn|2\n|\n|t:|1790280152\n|move|p1a: Magearna|Max Hailstorm|p2a: Landorus\n|-supereffective|p2a: Landorus\n|-damage|p2a: Landorus|0 fnt\n|-weather|Snowscape\n|faint|p2a: Landorus\n|-ability|p1a: Magearna|Soul-Heart|boost\n|-boost|p1a: Magearna|spa|1\n|-damage|p1a: Magearna|91/100|[from] item: Life Orb\n|\n|-weather|Snowscape|[upkeep]\n|upkeep\n|\n|t:|1790280157\n|switch|p2a: Banette|Banette, shiny|100/100\n|-item|p1a: Magearna|Life Orb|[from] ability: Frisk|[of] p2a: Banette\n|turn|3\n|\n|t:|1790280160\n|detailschange|p2a: Banette|Banette-Mega-Halloween, shiny\n|-mega|p2a: Banette|Banette|Banettite-Halloween\n|-ability|p2a: Banette|Witching Hour\n|-message|The Witching Hour has struck! Banette's tricks can't be stopped, not even by Dark types!\n|-message|Banette's Poltergeist became Witch's Snatch!\n|move|p2a: Banette|Witch's Snatch|p1a: Magearna\n|-damage|p1a: Magearna|10/100\n|-enditem|p1a: Magearna|Life Orb|[from] move: Witch's Snatch|[of] p2a: Banette\n|-start|p1a: Magearna|typeadd|Ghost|[from] move: Witch's Snatch\n|move|p1a: Magearna|Max Steelspike|p2a: Banette\n|-damage|p2a: Banette|0 fnt\n|-boost|p1a: Magearna|def|1\n|faint|p2a: Banette\n|-ability|p1a: Magearna|Soul-Heart|boost\n|-boost|p1a: Magearna|spa|1\n|detailschange|p2: Banette|Banette, shiny|[silent]\n|\n|-weather|Snowscape|[upkeep]\n|upkeep\n|\n|t:|1790280169\n|switch|p2a: Weavile|Weavile|100/100\n|-end|p1a: Magearna|Dynamax\n|-heal|p1a: Magearna|10/100|[silent]\n|turn|4\n|\n|t:|1790280172\n|move|p2a: Weavile|Knock Off|p1a: Magearna\n|-damage|p1a: Magearna|0 fnt\n|faint|p1a: Magearna\n|\n|-weather|Snowscape|[upkeep]\n|upkeep\n|\n|t:|1790280173\n|switch|p1a: Pawmot|Pawmot|100/100\n|turn|5\n|\n|t:|1790280177\n|switch|p2a: Slowbro|Slowbro|100/100\n|move|p1a: Pawmot|Close Combat|p2a: Slowbro\n|-resisted|p2a: Slowbro\n|-damage|p2a: Slowbro|83/100\n|-unboost|p1a: Pawmot|def|1\n|-unboost|p1a: Pawmot|spd|1\n|\n|-weather|Snowscape|[upkeep]\n|-fieldend|Misty Terrain\n|upkeep\n|turn|6\n|\n|t:|1790280183\n|switch|p1a: Samurott|Samurott-Hisui|100/100\n|move|p2a: Slowbro|Teleport|p2a: Slowbro\n|\n|t:|1790280186\n|switch|p2a: Iron Valiant|Iron Valiant|100/100|[from] Teleport\n|-enditem|p2a: Iron Valiant|Booster Energy\n|-activate|p2a: Iron Valiant|ability: Quark Drive|[fromitem]\n|-start|p2a: Iron Valiant|quarkdrivespe\n|\n|-weather|none\n|upkeep\n|turn|7\n|\n|t:|1790280188\n|switch|p1a: Enamorus|Enamorus-Therian|100/100\n|move|p2a: Iron Valiant|Close Combat|p1a: Enamorus\n|-resisted|p1a: Enamorus\n|-damage|p1a: Enamorus|91/100\n|-unboost|p2a: Iron Valiant|def|1\n|-unboost|p2a: Iron Valiant|spd|1\n|\n|upkeep\n|turn|8\n|\n|t:|1790280195\n|-terastallize|p2a: Iron Valiant|Steel\n|move|p2a: Iron Valiant|Moonblast|p1a: Enamorus\n|-damage|p1a: Enamorus|43/100\n|-unboost|p1a: Enamorus|spa|1\n|move|p1a: Enamorus|Draining Kiss|p2a: Iron Valiant\n|-resisted|p2a: Iron Valiant\n|-damage|p2a: Iron Valiant|71/100\n|-heal|p1a: Enamorus|61/100|[from] drain|[of] p2a: Iron Valiant\n|\n|upkeep\n|turn|9\n|\n|t:|1790280198\n|move|p2a: Iron Valiant|Moonblast|p1a: Enamorus\n|-damage|p1a: Enamorus|14/100\n|move|p1a: Enamorus|Earth Power|p2a: Iron Valiant\n|-supereffective|p2a: Iron Valiant\n|-damage|p2a: Iron Valiant|0 fnt\n|faint|p2a: Iron Valiant\n|-end|p2a: Iron Valiant|Quark Drive|[silent]\n|\n|upkeep\n|\n|t:|1790280200\n|switch|p2a: Weavile|Weavile|100/100\n|turn|10\n|\n|t:|1790280202\n|switch|p1a: Kingambit|Kingambit|100/100\n|-activate|p1a: Kingambit|ability: Supreme Overlord\n|-start|p1a: Kingambit|fallen1|[silent]\n|move|p2a: Weavile|Knock Off|p1a: Kingambit\n|-resisted|p1a: Kingambit\n|-damage|p1a: Kingambit|74/100\n|-enditem|p1a: Kingambit|Black Glasses|[from] move: Knock Off|[of] p2a: Weavile\n|\n|upkeep\n|turn|11\n|\n|t:|1790280205\n|switch|p2a: Corviknight|Corviknight|100/100\n|-ability|p2a: Corviknight|Pressure\n|move|p1a: Kingambit|Swords Dance|p1a: Kingambit\n|-boost|p1a: Kingambit|atk|2\n|\n|upkeep\n|turn|12\n|\n|t:|1790280207\n|move|p2a: Corviknight|U-turn|p1a: Kingambit\n|-damage|p1a: Kingambit|65/100\n|\n|t:|1790280209\n|switch|p2a: Weavile|Weavile|100/100|[from] U-turn\n|move|p1a: Kingambit|Kowtow Cleave|p2a: Weavile\n|-resisted|p2a: Weavile\n|-crit|p2a: Weavile\n|-damage|p2a: Weavile|0 fnt\n|faint|p2a: Weavile\n|\n|upkeep\n|-message|SlimeQueenSamantha forfeited.\n|\n|win|Bunny Stockfish\n",
	"inputlog": ">start {\"formatid\":\"gen9rpou\",\"seed\":\"sodium,f2ed8448b4305ed02f0089948ce9fee9\",\"rated\":\"Rated battle\"}\n>player p1 {\"name\":\"Bunny Stockfish\",\"avatar\":\"bunny.png\",\"team\":\"Enamorus|EnamorusTherian|HeavyDutyBoots|Overcoat|CalmMind,DrainingKiss,EarthPower,MysticalFire|Modest|248,,8,252,,|N|,0,,,,|||,,,,,Poison]Kingambit||BlackGlasses|SupremeOverlord|SwordsDance,SuckerPunch,KowtowCleave,CarrionFeast|Adamant|252,252,,,4,|N||||,,,,,Dark]Swampert||SitrusBerry|Torrent|KnockOff,WaveCharge,StealthRock,HydroPump|Modest|,,,252,4,252|N||||,,,,,Steel]Magearna||LifeOrb|SoulHeart|FleurCannon,FlashCannon,Psychic,IceBeam|Modest|,,,252,4,252|N|,0,,,,|||,,,,,Ground]Samurott|SamurottHisui|HeavyDutyBoots|Sharpness|CeaselessEdge,RazorShell,KnockOff,FlipTurn|Jolly|,252,,,4,252|N||||,,,,,Fire]Pawmot||LeppaBerry|IronFist|CloseCombat,Nuzzle,VoltaicLance,Encore|Jolly|240,,36,,8,224|N||||,,,,,Electric\",\"rating\":1405}\n>player p2 {\"name\":\"SlimeQueenSamantha\",\"avatar\":\"queen.png\",\"team\":\"Banette||BanettiteHalloween|Frisk|SwordsDance,Poltergeist,ShadowSneak,SuckerPunch|Adamant|,252,,,4,252|N||S||,,,,,Ghost]Weavile||ChoiceBand|Pickpocket|TripleAxel,KnockOff,IceShard,LowKick|Jolly|4,252,,,,252|N||||,,,,,Ice]Corviknight||Leftovers|Pressure|BodyPress,Uturn,Roost,Defog|Impish|248,,136,,124,|N|,0,,,,|||,,,,,Fairy]Landorus|LandorusTherian|Leftovers|Intimidate|StealthRock,Earthquake,Uturn,Toxic|Careful|248,,8,,252,|N||||,,,,,Water]Slowbro||HeavyDutyBoots|Regenerator|FutureSight,Scald,Teleport,SlackOff|Calm|252,,,4,252,|N|,0,,,,|||,,,,,Poison]Iron Valiant||BoosterEnergy|QuarkDrive|Moonblast,CloseCombat,KnockOff,Encore|Naive|,4,,252,,252|N|,0,,,,|||,,,,,Steel\",\"rating\":1389}\n>chat ☆Bunny Stockfish|Good luck! Playing on **stockfish**.\n>p1 team 4, 6, 5, 3, 2, 1\n>p2 team 1, 2, 3, 4, 5, 6\n>p1 move fleurcannon dynamax\n>p2 switch 4\n>p1 move icebeam dynamax\n>p2 move earthquake\n>p2 switch 4\n>p1 move flashcannon dynamax\n>p2 move poltergeist mega\n>p2 switch 2\n>p1 move flashcannon\n>p2 move knockoff\n>p1 switch 2\n>p1 move closecombat\n>p2 switch 5\n>p1 switch 3\n>p2 move teleport\n>p2 switch 6\n>p1 switch 6\n>p2 move closecombat\n>p1 move drainingkiss\n>p2 move moonblast terastallize\n>p1 move earthpower\n>p2 move moonblast\n>p2 switch 5\n>p1 switch 5\n>p2 move knockoff\n>p1 move swordsdance\n>p2 switch 3\n>p1 move kowtowcleave\n>p2 move uturn\n>p2 switch 3\n>forcelose p2",
	"uploadtime": 1790280213
}