{
	"id": "gen9rprandombattle-3-tmpgkc",
	"format": "[Gen 9] RP Random Battle",
	"players": [
		"Bunny Normal",
		"TheRedRecord7"
	],
	"rating": null,
	"log": "|j|☆Bunny Normal\n|j|☆TheRedRecord7\n|t:|1791659178\n|gametype|singles\n|player|p1|Bunny Normal|bunny.png|1211\n|player|p2|TheRedRecord7|palmer|1185\n|gen|9\n|tier|[Gen 9] RP Random Battle\n|rated|\n|rule|Species Clause: Limit one of each Pokémon\n|rule|HP Percentage Mod: HP is shown in percentages\n|rule|Sleep Clause Mod: Limit one foe put to sleep\n|rule|Illusion Level Mod: Illusion disguises the Pokémon's true level\n|\n|t:|1791659179\n|teamsize|p1|6\n|teamsize|p2|6\n|start\n|switch|p1a: Wigglytuff|Wigglytuff, L96, F|424/424\n|switch|p2a: Shaymin|Shaymin-Sky, L73|266/266\n|turn|1\n|c|☆Bunny Normal|Good luck! Playing on **normal**.\n|\n|t:|1791659208\n|move|p2a: Shaymin|Seed Flare|p1a: Wigglytuff\n|-damage|p1a: Wigglytuff|331/424\n|-unboost|p1a: Wigglytuff|spd|2\n|-ability|p1a: Wigglytuff|Competitive|boost\n|-boost|p1a: Wigglytuff|spa|2\n|move|p1a: Wigglytuff|Fire Blast|p2a: Shaymin\n|-supereffective|p2a: Shaymin\n|-damage|p2a: Shaymin|0 fnt\n|faint|p2a: Shaymin\n|\n|upkeep\n|\n|t:|1791659247\n|switch|p2a: Illumise|Illumise, L91, F|266/266\n|turn|2\n|\n|t:|1791659252\n|move|p2a: Illumise|Thunder Wave|p1a: Wigglytuff\n|-status|p1a: Wigglytuff|par\n|move|p1a: Wigglytuff|Fire Blast|p2a: Illumise\n|-supereffective|p2a: Illumise\n|-damage|p2a: Illumise|0 fnt\n|faint|p2a: Illumise\n|\n|upkeep\n|\n|t:|1791659265\n|switch|p2a: Pachirisu|Pachirisu, L96, F|271/271\n|turn|3\n|\n|t:|1791659279\n|move|p2a: Pachirisu|Voltaic Lance|p1a: Wigglytuff\n|-damage|p1a: Wigglytuff|225/424 par\n|cant|p1a: Wigglytuff|par\n|\n|upkeep\n|turn|4\n|\n|t:|1791659289\n|move|p2a: Pachirisu|Super Fang|p1a: Wigglytuff\n|-damage|p1a: Wigglytuff|113/424 par\n|move|p1a: Wigglytuff|Boomburst|p2a: Pachirisu\n|-damage|p2a: Pachirisu|0 fnt\n|faint|p2a: Pachirisu\n|\n|upkeep\n|\n|t:|1791659297\n|switch|p2a: Regirock|Regirock, L83|268/268\n|turn|5\n|\n|t:|1791659313\n|move|p2a: Regirock|Body Press|p1a: Wigglytuff\n|-damage|p1a: Wigglytuff|0 fnt\n|faint|p1a: Wigglytuff\n|\n|upkeep\n|\n|t:|1791659313\n|switch|p1a: Golem|Golem-Alola, L93, M|300/300\n|turn|6\n|\n|t:|1791659324\n|switch|p2a: Araquanid|Araquanid, L82, F|246/246\n|move|p1a: Golem|Double-Edge|p2a: Araquanid\n|-supereffective|p2a: Araquanid\n|-damage|p2a: Araquanid|0 fnt\n|faint|p2a: Araquanid\n|-damage|p1a: Golem|219/300|[from] Recoil\n|-damage|p1a: Golem|189/300|[from] item: Life Orb\n|\n|upkeep\n|\n|t:|1791659334\n|switch|p2a: Regirock|Regirock, L83|268/268\n|turn|7\n|\n|t:|1791659345\n|-terastallize|p1a: Golem|Grass\n|move|p1a: Golem|Double-Edge|p2a: Regirock\n|-damage|p2a: Regirock|126/268\n|-damage|p1a: Golem|142/300|[from] Recoil\n|-damage|p1a: Golem|112/300|[from] item: Life Orb\n|move|p2a: Regirock|Body Press|p1a: Golem\n|-damage|p1a: Golem|39/300\n|\n|-heal|p2a: Regirock|142/268|[from] item: Leftovers\n|upkeep\n|turn|8\n|\n|t:|1791659363\n|move|p1a: Golem|Double-Edge|p2a: Regirock\n|-damage|p2a: Regirock|0 fnt\n|faint|p2a: Regirock\n|-damage|p1a: Golem|0 fnt|[from] Recoil\n|faint|p1a: Golem\n|\n|upkeep\n|\n|t:|1791659374\n|switch|p1a: Scizor|Scizor, L79, M|240/240\n|switch|p2a: Wugtrio|Wugtrio, L91, M|212/212\n|turn|9\n|\n|t:|1791659406\n|move|p2a: Wugtrio|Flip Turn|p1a: Scizor\n|-damage|p1a: Scizor|139/240\n|-damage|p2a: Wugtrio|191/212|[from] item: Life Orb\n|move|p1a: Scizor|U-turn|p2a: Wugtrio\n|-damage|p2a: Wugtrio|74/212\n|-ability|p2a: Wugtrio|Gooey\n|-unboost|p1a: Scizor|spe|1\n|\n|t:|1791659406\n|switch|p1a: Glalie|Glalie, L96, M|309/309|[from] U-turn\n|\n|upkeep\n|turn|10\n|\n|t:|1791659424\n|-terastallize|p2a: Wugtrio|Ground\n|move|p2a: Wugtrio|Stomping Tantrum|p1a: Glalie\n|-damage|p1a: Glalie|187/309\n|-damage|p2a: Wugtrio|53/212|[from] item: Life Orb\n|move|p1a: Glalie|Freeze-Dry|p2a: Wugtrio\n|-supereffective|p2a: Wugtrio\n|-damage|p2a: Wugtrio|0 fnt\n|faint|p2a: Wugtrio\n|\n|win|Bunny Normal\n",
	"inputlog": ">start {\"formatid\":\"gen9rprandombattle\",\"seed\":\"sodium,18b5935e98449afbdeb9f90f0885dc28\",\"rated\":\"Rated battle\"}\n>player p1 {\"name\":\"Bunny Normal\",\"avatar\":\"bunny.png\",\"rating\":1211,\"seed\":\"sodium,f8da135c0c9026fb8d36b32613802249\"}\n>player p2 {\"name\":\"TheRedRecord7\",\"avatar\":\"palmer\",\"rating\":1185,\"seed\":\"sodium,e334221796e8bb64b65448b51565456b\"}\n>chat ☆Bunny Normal|Good luck! Playing on **normal**.\n>p1 move fireblast\n>p2 move seedflare\n>p2 switch 2\n>p1 move fireblast\n>p2 move thunderwave\n>p2 switch 4\n>p1 move boomburst\n>p2 move voltaiclance\n>p1 move boomburst\n>p2 move superfang\n>p2 switch 6\n>p1 move fireblast\n>p2 move bodypress\n>p1 switch 5\n>p1 move doubleedge\n>p2 switch 5\n>p2 switch 5\n>p1 move doubleedge terastallize\n>p2 move bodypress\n>p1 move doubleedge\n>p2 move slackoff\n>p1 switch 6\n>p2 switch 3\n>p1 move uturn\n>p2 move flipturn\n>p1 switch 4\n>p1 move freezedry\n>p2 move stompingtantrum terastallize",
	"uploadtime": 1791659424
}