{
	"id": "gen9rpou-4-tlix9t",
	"format": "[Gen 9] RP OU",
	"players": [
		"Bunny Stockfish",
		"SlimeQueenSamantha"
	],
	"rating": null,
	"log": "|j|☆Bunny Stockfish\n|j|☆SlimeQueenSamantha\n|t:|1789674328\n|gametype|singles\n|badge|p1|silver|gen9rpou|2-2\n|badge|p2|gold|gen9rpou|1-1\n|player|p1|Bunny Stockfish|bunny.png|1391\n|player|p2|SlimeQueenSamantha|queen.png|1576\n|gen|9\n|tier|[Gen 9] RP OU\n|rated|\n|rule|HP Percentage Mod: HP is shown in percentages\n|rule|Endless Battle Clause: Forcing endless battles is banned\n|rule|Species Clause: Limit one of each Pokémon\n|rule|OHKO Clause: OHKO moves are banned\n|rule|Evasion Clause: Evasion abilities, items, and moves are banned\n|rule|Evasion Abilities Clause: Evasion abilities are banned\n|rule|Evasion Items Clause: Evasion items are banned\n|rule|Evasion Moves Clause: Evasion moves are banned\n|rule|Sleep Clause Mod: Limit one foe put to sleep\n|clearpoke\n|poke|p1|Blissey|\n|poke|p1|Alomomola|\n|poke|p1|Roserade|\n|poke|p1|Corviknight|\n|poke|p1|Ting-Lu|\n|poke|p1|Spiritomb|\n|poke|p2|Spiritomb|\n|poke|p2|Glaceon|\n|poke|p2|Garchomp|\n|poke|p2|Roserade|\n|poke|p2|Togekiss|\n|poke|p2|Lucario|\n|teampreview\n|c|☆Bunny Stockfish|Good luck! Playing on **stockfish**.\n|\n|t:|1789674389\n|teamsize|p1|6\n|teamsize|p2|6\n|start\n|switch|p1a: Ting-Lu|Ting-Lu|100/100\n|switch|p2a: Togekiss|Togekiss|100/100\n|-ability|p1a: Ting-Lu|Vessel of Ruin\n|turn|1\n|\n|t:|1789674391\n|-terastallize|p1a: Ting-Lu|Poison\n|move|p2a: Togekiss|Alluring Voice|p1a: Ting-Lu\n|-resisted|p1a: Ting-Lu\n|-damage|p1a: Ting-Lu|92/100\n|-enditem|p1a: Ting-Lu|Red Card|[of] p2a: Togekiss\n|drag|p2a: Glaceon|Glaceon|100/100\n|-weather|Snowscape|[from] ability: Diamond Dust|[of] p2a: Glaceon\n|move|p1a: Ting-Lu|Ruination|p2a: Glaceon\n|-damage|p2a: Glaceon|51/100\n|\n|-weather|Snowscape|[upkeep]\n|upkeep\n|turn|2\n|\n|t:|1789674395\n|move|p2a: Glaceon|Aurora Veil|p2a: Glaceon\n|-sidestart|p2: SlimeQueenSamantha|move: Aurora Veil\n|move|p1a: Ting-Lu|Earthquake|p2a: Glaceon\n|-damage|p2a: Glaceon|37/100\n|\n|-weather|Snowscape|[upkeep]\n|upkeep\n|turn|3\n|\n|t:|1789674398\n|move|p2a: Glaceon|Earth Power|p1a: Ting-Lu\n|-supereffective|p1a: Ting-Lu\n|-damage|p1a: Ting-Lu|51/100\n|-damage|p2a: Glaceon|27/100|[from] item: Life Orb\n|move|p1a: Ting-Lu|Earthquake|p2a: Glaceon\n|-damage|p2a: Glaceon|12/100\n|\n|-weather|Snowscape|[upkeep]\n|upkeep\n|turn|4\n|\n|t:|1789674403\n|move|p2a: Glaceon|Earth Power|p1a: Ting-Lu\n|-supereffective|p1a: Ting-Lu\n|-damage|p1a: Ting-Lu|12/100\n|-damage|p2a: Glaceon|2/100|[from] item: Life Orb\n|move|p1a: Ting-Lu|Earthquake|p2a: Glaceon\n|-damage|p2a: Glaceon|0 fnt\n|faint|p2a: Glaceon\n|\n|-weather|Snowscape|[upkeep]\n|upkeep\n|\n|t:|1789674407\n|switch|p2a: Roserade|Roserade|100/100\n|-ability|p2a: Roserade|Masquerade\n|-start|p1a: Ting-Lu|move: Taunt\n|turn|5\n|\n|t:|1789674409\n|switch|p1a: Blissey|Blissey|100/100\n|move|p2a: Roserade|Nasty Plot|p2a: Roserade\n|-boost|p2a: Roserade|spa|2\n|\n|-weather|none\n|upkeep\n|turn|6\n|\n|t:|1789674411\n|move|p2a: Roserade|Nasty Plot|p2a: Roserade\n|-boost|p2a: Roserade|spa|2\n|move|p1a: Blissey|Calm Mind|p1a: Blissey\n|-boost|p1a: Blissey|spa|1\n|-boost|p1a: Blissey|spd|1\n|\n|-sideend|p2: SlimeQueenSamantha|move: Aurora Veil\n|upkeep\n|turn|7\n|\n|t:|1789674413\n|move|p2a: Roserade|Nasty Plot|p2a: Roserade\n|-boost|p2a: Roserade|spa|2\n|move|p1a: Blissey|Calm Mind|p1a: Blissey\n|-boost|p1a: Blissey|spa|1\n|-boost|p1a: Blissey|spd|1\n|\n|upkeep\n|turn|8\n|\n|t:|1789674414\n|move|p2a: Roserade|Thorned Bouquet|p1a: Blissey\n|-damage|p1a: Blissey|73/100\n|-status|p1a: Blissey|psn\n|move|p1a: Blissey|Calm Mind|p1a: Blissey\n|-boost|p1a: Blissey|spa|1\n|-boost|p1a: Blissey|spd|1\n|\n|-damage|p1a: Blissey|61/100 psn|[from] psn\n|upkeep\n|turn|9\n|\n|t:|1789674416\n|move|p2a: Roserade|Thorned Bouquet|p1a: Blissey\n|-damage|p1a: Blissey|37/100 psn\n|move|p1a: Blissey|Shadow Ball|p2a: Roserade\n|-damage|p2a: Roserade|60/100\n|\n|-damage|p1a: Blissey|25/100 psn|[from] psn\n|upkeep\n|turn|10\n|\n|t:|1789674418\n|move|p2a: Roserade|Thorned Bouquet|p1a: Blissey\n|-damage|p1a: Blissey|4/100 psn\n|-heal|p2a: Roserade|83/100|[from] drain|[of] p1a: Blissey\n|move|p1a: Blissey|Shadow Ball|p2a: Roserade\n|-damage|p2a: Roserade|40/100\n|\n|-damage|p1a: Blissey|0 fnt|[from] psn\n|faint|p1a: Blissey\n|upkeep\n|\n|t:|1789674418\n|switch|p1a: Corviknight|Corviknight|100/100\n|-ability|p1a: Corviknight|Unnerve\n|turn|11\n|\n|t:|1789674422\n|move|p2a: Roserade|Oxidize|p1a: Corviknight\n|-supereffective|p1a: Corviknight\n|-damage|p1a: Corviknight|0 fnt\n|faint|p1a: Corviknight\n|\n|upkeep\n|\n|t:|1789674422\n|switch|p1a: Spiritomb|Spiritomb|100/100\n|turn|12\n|\n|t:|1789674425\n|-start|p1a: Spiritomb|Dynamax|\n|-heal|p1a: Spiritomb|100/100|[silent]\n|move|p2a: Roserade|Thorned Bouquet|p1a: Spiritomb\n|-damage|p1a: Spiritomb|44/100\n|-heal|p2a: Roserade|100/100|[from] drain|[of] p1a: Spiritomb\n|-status|p1a: Spiritomb|psn\n|move|p1a: Spiritomb|Max Phantasm|p2a: Roserade\n|-damage|p2a: Roserade|38/100\n|-unboost|p2a: Roserade|def|1\n|\n|-heal|p1a: Spiritomb|47/100 psn|[from] item: Leftovers\n|-damage|p1a: Spiritomb|41/100 psn|[from] psn\n|upkeep\n|turn|13\n|\n|t:|1789674435\n|move|p2a: Roserade|Thorned Bouquet|p1a: Spiritomb\n|-resisted|p1a: Spiritomb\n|-damage|p1a: Spiritomb|14/100 psn\n|-heal|p2a: Roserade|72/100|[from] drain|[of] p1a: Spiritomb\n|move|p1a: Spiritomb|Max Phantasm|p2a: Roserade\n|-damage|p2a: Roserade|0 fnt\n|faint|p2a: Roserade\n|\n|-heal|p1a: Spiritomb|17/100 psn|[from] item: Leftovers\n|-damage|p1a: Spiritomb|11/100 psn|[from] psn\n|upkeep\n|\n|t:|1789674443\n|switch|p2a: Togekiss|Togekiss|100/100\n|turn|14\n|\n|t:|1789674445\n|move|p2a: Togekiss|Air Slash|p1a: Spiritomb\n|-damage|p1a: Spiritomb|1/100 psn\n|move|p1a: Spiritomb|Max Phantasm|p2a: Togekiss\n|-damage|p2a: Togekiss|60/100\n|-unboost|p2a: Togekiss|def|1\n|\n|-heal|p1a: Spiritomb|4/100 psn|[from] item: Leftovers\n|-damage|p1a: Spiritomb|0 fnt|[from] psn\n|faint|p1a: Spiritomb\n|upkeep\n|\n|t:|1789674445\n|switch|p1a: Roserade|Roserade|100/100\n|-ability|p1a: Roserade|Masquerade\n|-start|p2a: Togekiss|move: Taunt\n|turn|15\n|\n|t:|1789674450\n|move|p2a: Togekiss|Air Slash|p1a: Roserade\n|-supereffective|p1a: Roserade\n|-damage|p1a: Roserade|16/100\n|cant|p1a: Roserade|flinch\n|\n|upkeep\n|turn|16\n|\n|t:|1789674451\n|move|p2a: Togekiss|Air Slash|p1a: Roserade\n|-supereffective|p1a: Roserade\n|-damage|p1a: Roserade|0 fnt\n|faint|p1a: Roserade\n|\n|upkeep\n|\n|t:|1789674451\n|switch|p1a: Alomomola|Alomomola|100/100\n|turn|17\n|\n|t:|1789674453\n|move|p2a: Togekiss|Air Slash|p1a: Alomomola\n|-damage|p1a: Alomomola|59/100\n|cant|p1a: Alomomola|flinch\n|\n|-heal|p1a: Alomomola|66/100|[from] item: Leftovers\n|upkeep\n|turn|18\n|\n|t:|1789674455\n|move|p2a: Togekiss|Air Slash|p1a: Alomomola|[miss]\n|-miss|p2a: Togekiss|p1a: Alomomola\n|move|p1a: Alomomola|Wave Charge|p2a: Togekiss\n|-damage|p2a: Togekiss|36/100\n|-boost|p1a: Alomomola|spe|1\n|\n|-heal|p1a: Alomomola|72/100|[from] item: Leftovers\n|-end|p2a: Togekiss|move: Taunt\n|upkeep\n|turn|19\n|\n|t:|1789674456\n|move|p2a: Togekiss|Air Slash|p1a: Alomomola\n|-damage|p1a: Alomomola|24/100\n|cant|p1a: Alomomola|flinch\n|\n|-heal|p1a: Alomomola|30/100|[from] item: Leftovers\n|upkeep\n|turn|20\n|\n|t:|1789674458\n|move|p2a: Togekiss|Air Slash|p1a: Alomomola\n|-damage|p1a: Alomomola|0 fnt\n|faint|p1a: Alomomola\n|\n|upkeep\n|\n|t:|1789674458\n|switch|p1a: Ting-Lu|Ting-Lu, tera:Poison|12/100\n|-ability|p1a: Ting-Lu|Vessel of Ruin\n|turn|21\n|\n|t:|1789674462\n|move|p2a: Togekiss|Air Slash|p1a: Ting-Lu\n|-damage|p1a: Ting-Lu|0 fnt\n|faint|p1a: Ting-Lu\n|\n|win|SlimeQueenSamantha\n",
	"inputlog": ">start {\"formatid\":\"gen9rpou\",\"seed\":\"sodium,ebb26ca22411ba0c6a79e605b1d4a8ef\",\"rated\":\"Rated battle\"}\n>player p1 {\"name\":\"Bunny Stockfish\",\"avatar\":\"bunny.png\",\"team\":\"Blissey||HeavyDutyBoots|SereneGrace|SoftBoiled,CalmMind,SeismicToss,ShadowBall|Calm|4,,252,,252,|N|,0,,,,|||,,,,,Dark]Alomomola||Leftovers|Regenerator|WaveCharge,Undertow,Protect,Scald|Impish|252,,252,,4,|N||||,,,,,Poison]Roserade||FocusSash|Masquerade|ThornedBouquet,Oxidize,Synthesis,Spikes|Timid|,,,252,4,252|N||||,,,,,Grass]Corviknight||Leftovers|Unnerve|BraveBird,Defog,Uturn,Roost|Impish|248,,252,,8,|N||||,,,G,,Fighting]Ting-Lu||RedCard|VesselofRuin|Spikes,Earthquake,Ruination,Whirlwind|Impish|252,,4,,252,|N||||,,,,,Poison]Spiritomb||Leftovers|KeystoneLegion|SoulToll,CarrionFeast,WillOWisp,PartingShot|Calm|252,,4,,252,|N||||,,,,,Fairy\",\"rating\":1391}\n>player p2 {\"name\":\"SlimeQueenSamantha\",\"avatar\":\"queen.png\",\"team\":\"Spiritomb||Leftovers|KeystoneLegion|SoulToll,StrengthSap,PartingShot,WillOWisp|Calm|252,,4,,252,|N||||,,,,,Fairy]Glaceon||LifeOrb|DiamondDust|Blizzard,FreezeDry,AuroraVeil,EarthPower|Modest|,,4,252,,252|N|,0,,,,|||,,,,,Ice]Garchomp||RockyHelmet|RoughSkin|Earthquake,DragonTail,StealthRock,Spikes|Impish|252,,216,,,40|N||||,,,,,Ghost]Roserade||HeavyDutyBoots|Masquerade|ThornedBouquet,Oxidize,NastyPlot,MortalSpin|Timid|,,,252,4,252|N||||,,,,,Water]Togekiss||ChoiceScarf|SereneGrace|AirSlash,Uturn,AlluringVoice,Flamethrower|Timid|,,,252,4,252|N||||,,,,,Flying]Lucario||LucarioniteZ|Steadfast|NastyPlot,AuraSphere,FlashCannon,HiddenPowerIce|Timid|,,,252,,252|N|,0,,,,|||,Ice,,,,Ghost\",\"rating\":1576}\n>chat ☆Bunny Stockfish|Good luck! Playing on **stockfish**.\n>p1 team 5, 3, 4, 2, 1, 6\n>p2 team 5, 2, 3, 4, 1, 6\n>p1 move ruination terastallize\n>p2 move alluringvoice\n>p1 move earthquake\n>p2 move auroraveil\n>p1 move earthquake\n>p2 move earthpower\n>p1 move earthquake\n>p2 move earthpower\n>p2 switch 4\n>p1 switch 5\n>p2 move nastyplot\n>p1 move calmmind\n>p2 move nastyplot\n>p1 move calmmind\n>p2 move nastyplot\n>p1 move calmmind\n>p2 move thornedbouquet\n>p1 move shadowball\n>p2 move thornedbouquet\n>p1 move shadowball\n>p2 move thornedbouquet\n>p1 switch 3\n>p1 move bravebird\n>p2 move oxidize\n>p1 switch 6\n>p1 move soultoll dynamax\n>p2 move thornedbouquet\n>p1 move soultoll dynamax\n>p2 move thornedbouquet\n>p2 switch 2\n>p1 move soultoll dynamax\n>p2 move airslash\n>p1 switch 2\n>p1 move oxidize\n>p2 move airslash\n>p1 move oxidize\n>p2 move airslash\n>p1 switch 4\n>p1 move wavecharge\n>p2 move airslash\n>p1 move wavecharge\n>p2 move airslash\n>p1 move wavecharge\n>p2 move airslash\n>p1 move wavecharge\n>p2 move airslash\n>p1 switch 5\n>p1 move ruination\n>p2 move airslash",
	"uploadtime": 1789674462
}