{
	"id": "gen9rpou-2-tluyk0",
	"format": "[Gen 9] RP OU",
	"players": [
		"Bunny Stockfish",
		"SlimeQueenSamantha"
	],
	"rating": null,
	"log": "|j|☆Bunny Stockfish\n|j|☆SlimeQueenSamantha\n|t:|1790276586\n|gametype|singles\n|badge|p1|bronze|gen9rpou|3-3\n|badge|p2|silver|gen9rpou|2-2\n|player|p1|Bunny Stockfish|bunny.png|1380\n|player|p2|SlimeQueenSamantha|queen.png|1422\n|gen|9\n|tier|[Gen 9] RP OU\n|rated|\n|rule|HP Percentage Mod: HP is shown in percentages\n|rule|Endless Battle Clause: Forcing endless battles is banned\n|rule|Species Clause: Limit one of each Pokémon\n|rule|OHKO Clause: OHKO moves are banned\n|rule|Evasion Clause: Evasion abilities, items, and moves are banned\n|rule|Evasion Abilities Clause: Evasion abilities are banned\n|rule|Evasion Items Clause: Evasion items are banned\n|rule|Evasion Moves Clause: Evasion moves are banned\n|rule|Sleep Clause Mod: Limit one foe put to sleep\n|clearpoke\n|poke|p1|Garchomp|\n|poke|p1|Enamorus-Therian|\n|poke|p1|Weezing-Galar|\n|poke|p1|Vaporeon|\n|poke|p1|Glaceon|\n|poke|p1|Dragonite|\n|poke|p2|Banette, F|\n|poke|p2|Ursaluna-Bloodmoon, M|\n|poke|p2|Magearna|\n|poke|p2|Hatterene, F|\n|poke|p2|Kingambit|\n|poke|p2|Stakataka|\n|teampreview\n|c|☆Bunny Stockfish|Good luck! Playing on **stockfish**.\n|\n|t:|1790276683\n|teamsize|p1|6\n|teamsize|p2|6\n|start\n|switch|p1a: Dragonite|Dragonite|100/100\n|switch|p2a: Banette|Banette, F, shiny|100/100\n|-item|p1a: Dragonite|Dragoninite|[from] ability: Frisk|[of] p2a: Banette\n|turn|1\n|\n|t:|1790276690\n|detailschange|p2a: Banette|Banette-Mega-Halloween, F, shiny\n|-mega|p2a: Banette|Banette|Banettite-Halloween\n|-ability|p2a: Banette|Witching Hour\n|-message|The Witching Hour has struck! Banette's tricks can't be stopped, not even by Dark types!\n|-message|Banette's Poltergeist became Witch's Snatch!\n|detailschange|p1a: Dragonite|Dragonite-Mega\n|-mega|p1a: Dragonite|Dragonite|Dragoninite\n|move|p2a: Banette|Witch's Snatch|p1a: Dragonite\n|-damage|p1a: Dragonite|59/100\n|-start|p1a: Dragonite|typeadd|Ghost|[from] move: Witch's Snatch\n|move|p1a: Dragonite|Earthquake|p2a: Banette\n|-damage|p2a: Banette|45/100\n|\n|upkeep\n|turn|2\n|\n|t:|1790276703\n|move|p2a: Banette|Witch's Snatch|p1a: Dragonite\n|-supereffective|p1a: Dragonite\n|-damage|p1a: Dragonite|0 fnt\n|faint|p1a: Dragonite\n|detailschange|p1: Dragonite|Dragonite|[silent]\n|\n|upkeep\n|\n|t:|1790276704\n|switch|p1a: Enamorus|Enamorus-Therian|100/100\n|turn|3\n|\n|t:|1790276710\n|-terastallize|p1a: Enamorus|Fairy\n|move|p2a: Banette|Twilight Exit|p2a: Banette\n|-fieldstart|move: Trick Room|[of] p2a: Banette\n|\n|t:|1790276714\n|switch|p2a: Stakataka|Stakataka|100/100|[from] Twilight Exit\n|move|p1a: Enamorus|Moonblast|p2a: Stakataka\n|-resisted|p2a: Stakataka\n|-damage|p2a: Stakataka|46/100\n|\n|upkeep\n|turn|4\n|\n|t:|1790276716\n|move|p2a: Stakataka|Gyro Ball|p1a: Enamorus\n|-supereffective|p1a: Enamorus\n|-crit|p1a: Enamorus\n|-damage|p1a: Enamorus|0 fnt\n|faint|p1a: Enamorus\n|-ability|p2a: Stakataka|Beast Boost|boost\n|-boost|p2a: Stakataka|atk|1\n|-damage|p2a: Stakataka|36/100|[from] item: Life Orb\n|\n|upkeep\n|\n|t:|1790276716\n|switch|p1a: Glaceon|Glaceon|100/100\n|-weather|Snowscape|[from] ability: Diamond Dust|[of] p1a: Glaceon\n|turn|5\n|\n|t:|1790276718\n|-start|p1a: Glaceon|Dynamax|\n|-heal|p1a: Glaceon|100/100|[silent]\n|move|p2a: Stakataka|Gyro Ball|p1a: Glaceon\n|-supereffective|p1a: Glaceon\n|-damage|p1a: Glaceon|0 fnt\n|faint|p1a: Glaceon\n|-ability|p2a: Stakataka|Beast Boost|boost\n|-boost|p2a: Stakataka|atk|1\n|-damage|p2a: Stakataka|26/100|[from] item: Life Orb\n|\n|-weather|Snowscape|[upkeep]\n|upkeep\n|\n|t:|1790276718\n|switch|p1a: Garchomp|Garchomp|100/100\n|turn|6\n|\n|t:|1790276721\n|move|p2a: Stakataka|Gyro Ball|p1a: Garchomp\n|-damage|p1a: Garchomp|0 fnt\n|-damage|p2a: Stakataka|14/100|[from] ability: Rough Skin|[of] p1a: Garchomp\n|-damage|p2a: Stakataka|0 fnt|[from] item: Rocky Helmet|[of] p1a: Garchomp\n|faint|p1a: Garchomp\n|faint|p2a: Stakataka\n|\n|-weather|Snowscape|[upkeep]\n|upkeep\n|\n|t:|1790276728\n|switch|p2a: Magearna|Magearna|100/100\n|switch|p1a: Vaporeon|Vaporeon|100/100\n|turn|7\n|\n|t:|1790276730\n|move|p2a: Magearna|Volt Switch|p1a: Vaporeon\n|-supereffective|p1a: Vaporeon\n|-damage|p1a: Vaporeon|72/100\n|\n|t:|1790276733\n|switch|p2a: Banette|Banette-Mega-Halloween, F, shiny|45/100|[from] Volt Switch\n|-ability|p2a: Banette|Witching Hour\n|-message|The Witching Hour has struck! Banette's tricks can't be stopped, not even by Dark types!\n|move|p1a: Vaporeon|Scald|p2a: Banette\n|-damage|p2a: Banette|2/100\n|-status|p2a: Banette|brn\n|\n|-weather|Snowscape|[upkeep]\n|-heal|p1a: Vaporeon|78/100|[from] item: Leftovers\n|-damage|p2a: Banette|0 fnt|[from] brn\n|faint|p2a: Banette\n|detailschange|p2: Banette|Banette, F, shiny|[silent]\n|-fieldend|move: Trick Room\n|upkeep\n|\n|t:|1790276738\n|switch|p2a: Hatterene|Hatterene, F|100/100\n|turn|8\n|\n|t:|1790276740\n|move|p1a: Vaporeon|Scald|p2a: Hatterene\n|-damage|p2a: Hatterene|69/100\n|move|p2a: Hatterene|Trick Room|p2a: Hatterene\n|-fieldstart|move: Trick Room|[of] p2a: Hatterene\n|\n|-weather|Snowscape|[upkeep]\n|-heal|p1a: Vaporeon|84/100|[from] item: Leftovers\n|upkeep\n|turn|9\n|\n|t:|1790276742\n|move|p2a: Hatterene|Psychic Noise|p1a: Vaporeon\n|-crit|p1a: Vaporeon\n|-damage|p1a: Vaporeon|47/100\n|-start|p1a: Vaporeon|move: Heal Block\n|move|p1a: Vaporeon|Scald|p2a: Hatterene\n|-damage|p2a: Hatterene|35/100\n|-status|p2a: Hatterene|brn\n|\n|-weather|none\n|-damage|p2a: Hatterene|29/100 brn|[from] brn\n|upkeep\n|turn|10\n|\n|t:|1790276744\n|move|p2a: Hatterene|Psychic Noise|p1a: Vaporeon\n|-damage|p1a: Vaporeon|21/100\n|move|p1a: Vaporeon|Scald|p2a: Hatterene\n|-damage|p2a: Hatterene|0 fnt\n|faint|p2a: Hatterene\n|\n|-end|p1a: Vaporeon|move: Heal Block\n|upkeep\n|\n|t:|1790276747\n|switch|p2a: Magearna|Magearna|100/100\n|turn|11\n|\n|t:|1790276749\n|move|p2a: Magearna|Flash Cannon|p1a: Vaporeon\n|-resisted|p1a: Vaporeon\n|-damage|p1a: Vaporeon|9/100\n|move|p1a: Vaporeon|Scald|p2a: Magearna\n|-damage|p2a: Magearna|77/100\n|-status|p2a: Magearna|brn\n|\n|-heal|p2a: Magearna|83/100 brn|[from] item: Leftovers\n|-heal|p1a: Vaporeon|15/100|[from] item: Leftovers\n|-damage|p2a: Magearna|77/100 brn|[from] brn\n|upkeep\n|turn|12\n|\n|t:|1790276752\n|move|p2a: Magearna|Flash Cannon|p1a: Vaporeon\n|-resisted|p1a: Vaporeon\n|-damage|p1a: Vaporeon|4/100\n|move|p1a: Vaporeon|Scald|p2a: Magearna\n|-damage|p2a: Magearna|53/100 brn\n|\n|-heal|p2a: Magearna|59/100 brn|[from] item: Leftovers\n|-heal|p1a: Vaporeon|10/100|[from] item: Leftovers\n|-damage|p2a: Magearna|53/100 brn|[from] brn\n|-fieldend|move: Trick Room\n|upkeep\n|turn|13\n|\n|t:|1790276754\n|move|p1a: Vaporeon|Scald|p2a: Magearna\n|-damage|p2a: Magearna|29/100 brn\n|move|p2a: Magearna|Flash Cannon|p1a: Vaporeon\n|-resisted|p1a: Vaporeon\n|-damage|p1a: Vaporeon|0 fnt\n|faint|p1a: Vaporeon\n|-ability|p2a: Magearna|Soul-Heart|boost\n|-boost|p2a: Magearna|spa|1\n|\n|-heal|p2a: Magearna|35/100 brn|[from] item: Leftovers\n|-damage|p2a: Magearna|29/100 brn|[from] brn\n|upkeep\n|\n|t:|1790276754\n|switch|p1a: Weezing|Weezing-Galar|100/100\n|-ability|p1a: Weezing|Neutralizing Gas\n|turn|14\n|\n|t:|1790276757\n|move|p1a: Weezing|Sludge Bomb|p2a: Magearna\n|-immune|p2a: Magearna\n|move|p2a: Magearna|Flash Cannon|p1a: Weezing\n|-supereffective|p1a: Weezing\n|-damage|p1a: Weezing|0 fnt\n|faint|p1a: Weezing\n|-end|p1a: Weezing|ability: Neutralizing Gas\n|\n|win|SlimeQueenSamantha\n",
	"inputlog": ">start {\"formatid\":\"gen9rpou\",\"seed\":\"sodium,db657086c7416e830614440405ef0351\",\"rated\":\"Rated battle\"}\n>player p1 {\"name\":\"Bunny Stockfish\",\"avatar\":\"bunny.png\",\"team\":\"Garchomp||RockyHelmet|RoughSkin|Earthquake,DragonTail,StealthRock,Spikes|Impish|252,,216,,,40|N||||,,,,,Steel]Enamorus|EnamorusTherian|ChoiceSpecs|Overcoat|Moonblast,EarthPower,MysticalFire,DrainingKiss|Quiet|248,,8,252,,|N|,0,,,,0|||,,,,,Fairy]Weezing|WeezingGalar|Leftovers|NeutralizingGas|Defog,WillOWisp,PainSplit,SludgeBomb|Bold|252,,252,,4,|N|,0,,,,|||,,,,,Grass]Vaporeon||Leftovers|LiquidBody|Scald,Wish,Protect,IceBeam|Calm|252,,4,,252,|N|,0,,,,|||,,,,,Ghost]Glaceon||LifeOrb|DiamondDust|FreezeDry,EarthPower,SparkScamper,Blizzard|Timid|,,,252,4,252|N|,0,,,,|||,,,,,Ice]Dragonite||Dragoninite|Multiscale|DragonTail,ExtremeSpeed,Earthquake,Roost|Adamant|252,240,,,,16|N||||,,,,,Normal\",\"rating\":1380}\n>player p2 {\"name\":\"SlimeQueenSamantha\",\"avatar\":\"queen.png\",\"team\":\"Banette||BanettiteHalloween|Frisk|Poltergeist,ShadowSneak,DestinyBond,twilightexit|Adamant|4,252,,,,252|F||S||,,,,,Ghost]Ursaluna|UrsalunaBloodmoon|Leftovers|MindsEye|CalmMind,BloodMoon,HyperVoice,EarthPower|Modest|252,,4,252,,|M||||,,,,,Normal]Magearna||Leftovers|SoulHeart|TrickRoom,VoltSwitch,FleurCannon,FlashCannon|Quiet|252,,,252,4,|N|,0,,,,|||,,,,,Steel]Hatterene||FocusSash|MagicBounce|TrickRoom,PsychicNoise,DazzlingGleam,HealingWish|Quiet|252,,4,252,,|F|,0,,,,0|||,,,,,Water]Kingambit||Leftovers|SupremeOverlord|KnockOff,SuckerPunch,IronHead,SwordsDance|Adamant|252,252,,,4,|N||||,,,,,Dark]Stakataka||LifeOrb|BeastBoost|TrickRoom,GyroBall,StoneEdge,Earthquake|Lonely|252,252,,,4,|N|,,15,,,0|||,,,,,Rock\",\"rating\":1422}\n>chat ☆Bunny Stockfish|Good luck! Playing on **stockfish**.\n>p1 team 6, 5, 1, 4, 3, 2\n>p2 team 1, 2, 3, 4, 5, 6\n>p1 move earthquake mega\n>p2 move poltergeist mega\n>p1 move earthquake\n>p2 move witchssnatch\n>p1 switch 6\n>p1 move moonblast terastallize\n>p2 move twilightexit\n>p2 switch 6\n>p1 move moonblast\n>p2 move gyroball\n>p1 switch 2\n>p1 move earthpower dynamax\n>p2 move gyroball\n>p1 switch 3\n>p1 move earthquake\n>p2 move gyroball\n>p1 switch 4\n>p2 switch 3\n>p1 move scald\n>p2 move voltswitch\n>p2 switch 6\n>p2 switch 4\n>p1 move scald\n>p2 move trickroom\n>p1 move scald\n>p2 move psychicnoise\n>p1 move scald\n>p2 move psychicnoise\n>p2 switch 6\n>p1 move scald\n>p2 move flashcannon\n>p1 move scald\n>p2 move flashcannon\n>p1 move scald\n>p2 move flashcannon\n>p1 switch 5\n>p1 move sludgebomb\n>p2 move flashcannon",
	"uploadtime": 1790276757
}