{
	"id": "gen9rpou-1-tlhpoc",
	"format": "[Gen 9] RP OU",
	"players": [
		"Bunny Stockfish",
		"SlimeQueenSamantha"
	],
	"rating": null,
	"log": "|j|☆Bunny Stockfish\n|j|☆SlimeQueenSamantha\n|t:|1789629801\n|gametype|singles\n|player|p1|Bunny Stockfish|bunny.png|1332\n|player|p2|SlimeQueenSamantha|queen.png|1360\n|gen|9\n|tier|[Gen 9] RP OU\n|rated|\n|rule|HP Percentage Mod: HP is shown in percentages\n|rule|Endless Battle Clause: Forcing endless battles is banned\n|rule|Species Clause: Limit one of each Pokémon\n|rule|OHKO Clause: OHKO moves are banned\n|rule|Evasion Clause: Evasion abilities, items, and moves are banned\n|rule|Evasion Abilities Clause: Evasion abilities are banned\n|rule|Evasion Items Clause: Evasion items are banned\n|rule|Evasion Moves Clause: Evasion moves are banned\n|rule|Sleep Clause Mod: Limit one foe put to sleep\n|clearpoke\n|poke|p1|Heatran|\n|poke|p1|Samurott-Hisui|\n|poke|p1|Kyurem|\n|poke|p1|Dragonite|\n|poke|p1|Moltres|\n|poke|p1|Glimmora|\n|poke|p2|Spiritomb|\n|poke|p2|Glaceon|\n|poke|p2|Garchomp|\n|poke|p2|Roserade|\n|poke|p2|Togekiss|\n|poke|p2|Lucario|\n|teampreview\n|c|☆Bunny Stockfish|Good luck! Playing on **stockfish**.\n|\n|t:|1789629820\n|teamsize|p1|6\n|teamsize|p2|6\n|start\n|switch|p1a: Heatran|Heatran|100/100\n|switch|p2a: Roserade|Roserade|100/100\n|-ability|p2a: Roserade|Masquerade\n|-start|p1a: Heatran|move: Taunt\n|turn|1\n|\n|t:|1789629830\n|-start|p1a: Heatran|Dynamax|\n|-heal|p1a: Heatran|100/100|[silent]\n|move|p2a: Roserade|Oxidize|p1a: Heatran\n|-supereffective|p1a: Heatran\n|-damage|p1a: Heatran|67/100\n|move|p1a: Heatran|Max Flare|p2a: Roserade\n|-supereffective|p2a: Roserade\n|-damage|p2a: Roserade|0 fnt\n|-weather|SunnyDay\n|faint|p2a: Roserade\n|\n|-weather|SunnyDay|[upkeep]\n|-heal|p1a: Heatran|70/100|[from] item: Leftovers\n|upkeep\n|\n|t:|1789629842\n|switch|p2a: Garchomp|Garchomp|100/100\n|turn|2\n|\n|t:|1789629845\n|-end|p1a: Heatran|Dynamax\n|-heal|p1a: Heatran|70/100|[silent]\n|switch|p1a: Kyurem|Kyurem|100/100\n|-ability|p1a: Kyurem|Pressure\n|move|p2a: Garchomp|Earthquake|p1a: Kyurem\n|-crit|p1a: Kyurem\n|-damage|p1a: Kyurem|39/100\n|\n|-weather|SunnyDay|[upkeep]\n|upkeep\n|turn|3\n|\n|t:|1789629860\n|switch|p2a: Glaceon|Glaceon|100/100\n|-weather|Snowscape|[from] ability: Diamond Dust|[of] p2a: Glaceon\n|move|p1a: Kyurem|Blizzard|p2a: Glaceon\n|-resisted|p2a: Glaceon\n|-damage|p2a: Glaceon|45/100\n|\n|-weather|Snowscape|[upkeep]\n|upkeep\n|turn|4\n|\n|t:|1789629864\n|move|p2a: Glaceon|Blizzard|p1a: Kyurem\n|-crit|p1a: Kyurem\n|-damage|p1a: Kyurem|0 fnt\n|faint|p1a: Kyurem\n|-damage|p2a: Glaceon|35/100|[from] item: Life Orb\n|\n|-weather|Snowscape|[upkeep]\n|upkeep\n|\n|t:|1789629864\n|switch|p1a: Heatran|Heatran|70/100\n|turn|5\n|\n|t:|1789629869\n|move|p2a: Glaceon|Earth Power|p1a: Heatran\n|-supereffective|p1a: Heatran\n|-damage|p1a: Heatran|0 fnt\n|faint|p1a: Heatran\n|-damage|p2a: Glaceon|25/100|[from] item: Life Orb\n|\n|-weather|Snowscape|[upkeep]\n|upkeep\n|\n|t:|1789629869\n|switch|p1a: Moltres|Moltres|100/100\n|turn|6\n|\n|t:|1789629878\n|move|p2a: Glaceon|Aurora Veil|p2a: Glaceon\n|-sidestart|p2: SlimeQueenSamantha|move: Aurora Veil\n|move|p1a: Moltres|Flamethrower|p2a: Glaceon\n|-supereffective|p2a: Glaceon\n|-damage|p2a: Glaceon|0 fnt\n|faint|p2a: Glaceon\n|\n|-weather|Snowscape|[upkeep]\n|upkeep\n|\n|t:|1789629883\n|switch|p2a: Lucario|Lucario|100/100\n|turn|7\n|\n|t:|1789629887\n|detailschange|p2a: Lucario|Lucario-Mega-Z\n|-mega|p2a: Lucario|Lucario|Lucarionite Z\n|move|p2a: Lucario|Nasty Plot|p2a: Lucario\n|-boost|p2a: Lucario|spa|2\n|move|p1a: Moltres|Flamethrower|p2a: Lucario\n|-supereffective|p2a: Lucario\n|-damage|p2a: Lucario|37/100\n|\n|-weather|none\n|upkeep\n|turn|8\n|\n|t:|1789629898\n|move|p2a: Lucario|Dark Pulse|p1a: Moltres\n|-damage|p1a: Moltres|33/100\n|move|p1a: Moltres|Flamethrower|p2a: Lucario\n|-supereffective|p2a: Lucario\n|-damage|p2a: Lucario|0 fnt\n|faint|p2a: Lucario\n|detailschange|p2: Lucario|Lucario|[silent]\n|\n|upkeep\n|\n|t:|1789629904\n|switch|p2a: Togekiss|Togekiss|100/100\n|turn|9\n|\n|t:|1789629914\n|switch|p1a: Glimmora|Glimmora|100/100\n|-start|p2a: Togekiss|Dynamax|\n|-heal|p2a: Togekiss|100/100|[silent]\n|move|p2a: Togekiss|Max Airstream|p1a: Glimmora\n|-resisted|p1a: Glimmora\n|-damage|p1a: Glimmora|66/100\n|-boost|p2a: Togekiss|spe|1\n|-enditem|p1a: Glimmora|Red Card|[of] p2a: Togekiss\n|-block|p2a: Togekiss|Dynamax\n|\n|upkeep\n|turn|10\n|\n|t:|1789629933\n|move|p2a: Togekiss|Max Starfall|p1a: Glimmora\n|-resisted|p1a: Glimmora\n|-damage|p1a: Glimmora|29/100\n|-fieldstart|move: Misty Terrain\n|move|p1a: Glimmora|Power Gem|p2a: Togekiss\n|-supereffective|p2a: Togekiss\n|-damage|p2a: Togekiss|82/100\n|\n|-sideend|p2: SlimeQueenSamantha|move: Aurora Veil\n|upkeep\n|turn|11\n|\n|t:|1789629938\n|move|p2a: Togekiss|Max Starfall|p1a: Glimmora\n|-resisted|p1a: Glimmora\n|-damage|p1a: Glimmora|0 fnt\n|faint|p1a: Glimmora\n|\n|upkeep\n|\n|t:|1789629939\n|switch|p1a: Samurott|Samurott-Hisui|100/100\n|-end|p2a: Togekiss|Dynamax\n|-heal|p2a: Togekiss|82/100|[silent]\n|turn|12\n|\n|t:|1789629946\n|move|p2a: Togekiss|Alluring Voice|p1a: Samurott\n|-supereffective|p1a: Samurott\n|-enditem|p1a: Samurott|Focus Sash\n|-damage|p1a: Samurott|1/100\n|move|p1a: Samurott|Aqua Cutter|p2a: Togekiss\n|-damage|p2a: Togekiss|25/100\n|\n|upkeep\n|turn|13\n|\n|t:|1789629952\n|move|p2a: Togekiss|Alluring Voice|p1a: Samurott\n|-supereffective|p1a: Samurott\n|-damage|p1a: Samurott|0 fnt\n|faint|p1a: Samurott\n|\n|upkeep\n|\n|t:|1789629952\n|switch|p1a: Dragonite|Dragonite|100/100\n|turn|14\n|\n|t:|1789629956\n|-terastallize|p1a: Dragonite|Normal\n|move|p1a: Dragonite|Extreme Speed|p2a: Togekiss\n|-damage|p2a: Togekiss|0 fnt\n|faint|p2a: Togekiss\n|\n|-fieldend|Misty Terrain\n|upkeep\n|\n|t:|1789629961\n|switch|p2a: Spiritomb|Spiritomb|100/100\n|turn|15\n|\n|t:|1789629965\n|move|p1a: Dragonite|Extreme Speed|p2a: Spiritomb\n|-immune|p2a: Spiritomb\n|move|p2a: Spiritomb|Will-O-Wisp|p1a: Dragonite\n|-status|p1a: Dragonite|brn\n|\n|-damage|p1a: Dragonite|94/100 brn|[from] brn\n|upkeep\n|turn|16\n|\n|t:|1789629972\n|switch|p1a: Moltres|Moltres|33/100\n|move|p2a: Spiritomb|Strength Sap|p1a: Moltres\n|-unboost|p1a: Moltres|atk|1\n|\n|upkeep\n|turn|17\n|\n|t:|1789629978\n|move|p1a: Moltres|Flamethrower|p2a: Spiritomb\n|-damage|p2a: Spiritomb|79/100\n|-status|p2a: Spiritomb|brn\n|move|p2a: Spiritomb|Soul Toll|p1a: Moltres\n|-damage|p1a: Moltres|3/100\n|\n|-heal|p2a: Spiritomb|85/100 brn|[from] item: Leftovers\n|-damage|p2a: Spiritomb|79/100 brn|[from] brn\n|upkeep\n|turn|18\n|\n|t:|1789629985\n|switch|p1a: Dragonite|Dragonite, tera:Normal|94/100 brn\n|move|p2a: Spiritomb|Soul Toll|p1a: Dragonite\n|-immune|p1a: Dragonite\n|\n|-heal|p2a: Spiritomb|85/100 brn|[from] item: Leftovers\n|-damage|p1a: Dragonite|88/100 brn|[from] brn\n|-damage|p2a: Spiritomb|79/100 brn|[from] brn\n|upkeep\n|turn|19\n|\n|t:|1789629990\n|move|p1a: Dragonite|Outrage|p2a: Spiritomb\n|-damage|p2a: Spiritomb|38/100 brn\n|move|p2a: Spiritomb|Strength Sap|p1a: Dragonite\n|-unboost|p1a: Dragonite|atk|1\n|-heal|p2a: Spiritomb|100/100 brn\n|\n|-damage|p1a: Dragonite|82/100 brn|[from] brn\n|-damage|p2a: Spiritomb|94/100 brn|[from] brn\n|upkeep\n|turn|20\n|\n|t:|1789629994\n|move|p1a: Dragonite|Outrage|p2a: Spiritomb|[from] lockedmove\n|-damage|p2a: Spiritomb|67/100 brn\n|-start|p1a: Dragonite|confusion|[fatigue]\n|move|p2a: Spiritomb|Strength Sap|p1a: Dragonite\n|-unboost|p1a: Dragonite|atk|1\n|-heal|p2a: Spiritomb|100/100 brn\n|\n|-damage|p1a: Dragonite|76/100 brn|[from] brn\n|-damage|p2a: Spiritomb|94/100 brn|[from] brn\n|upkeep\n|turn|21\n|\n|t:|1789629996\n|-activate|p1a: Dragonite|confusion\n|move|p1a: Dragonite|Outrage|p2a: Spiritomb\n|-damage|p2a: Spiritomb|73/100 brn\n|move|p2a: Spiritomb|Strength Sap|p1a: Dragonite\n|-unboost|p1a: Dragonite|atk|1\n|-heal|p2a: Spiritomb|100/100 brn\n|\n|-damage|p1a: Dragonite|70/100 brn|[from] brn\n|-damage|p2a: Spiritomb|94/100 brn|[from] brn\n|upkeep\n|turn|22\n|\n|t:|1789630001\n|-activate|p1a: Dragonite|confusion\n|move|p1a: Dragonite|Outrage|p2a: Spiritomb|[from] lockedmove\n|-damage|p2a: Spiritomb|79/100 brn\n|move|p2a: Spiritomb|Soul Toll|p1a: Dragonite\n|-immune|p1a: Dragonite\n|\n|-heal|p2a: Spiritomb|85/100 brn|[from] item: Leftovers\n|-damage|p1a: Dragonite|63/100 brn|[from] brn\n|-damage|p2a: Spiritomb|79/100 brn|[from] brn\n|upkeep\n|turn|23\n|\n|t:|1789630009\n|-activate|p1a: Dragonite|confusion\n|move|p1a: Dragonite|Outrage|p2a: Spiritomb|[from] lockedmove\n|-damage|p2a: Spiritomb|62/100 brn\n|move|p2a: Spiritomb|Soul Toll|p1a: Dragonite\n|-immune|p1a: Dragonite\n|\n|-heal|p2a: Spiritomb|68/100 brn|[from] item: Leftovers\n|-damage|p1a: Dragonite|57/100 brn|[from] brn\n|-damage|p2a: Spiritomb|62/100 brn|[from] brn\n|upkeep\n|turn|24\n|\n|t:|1789630013\n|-activate|p1a: Dragonite|confusion\n|move|p1a: Dragonite|Outrage|p2a: Spiritomb\n|-damage|p2a: Spiritomb|46/100 brn\n|move|p2a: Spiritomb|Strength Sap|p1a: Dragonite\n|-unboost|p1a: Dragonite|atk|1\n|-heal|p2a: Spiritomb|89/100 brn\n|\n|-heal|p2a: Spiritomb|95/100 brn|[from] item: Leftovers\n|-damage|p1a: Dragonite|51/100 brn|[from] brn\n|-damage|p2a: Spiritomb|89/100 brn|[from] brn\n|upkeep\n|turn|25\n|\n|t:|1789630017\n|-end|p1a: Dragonite|confusion\n|move|p1a: Dragonite|Outrage|p2a: Spiritomb|[from] lockedmove\n|-damage|p2a: Spiritomb|76/100 brn\n|move|p2a: Spiritomb|Soul Toll|p1a: Dragonite\n|-immune|p1a: Dragonite\n|\n|-heal|p2a: Spiritomb|82/100 brn|[from] item: Leftovers\n|-damage|p1a: Dragonite|45/100 brn|[from] brn\n|-damage|p2a: Spiritomb|76/100 brn|[from] brn\n|upkeep\n|turn|26\n|\n|t:|1789630021\n|move|p1a: Dragonite|Outrage|p2a: Spiritomb|[from] lockedmove\n|-damage|p2a: Spiritomb|62/100 brn\n|-start|p1a: Dragonite|confusion|[fatigue]\n|move|p2a: Spiritomb|Strength Sap|p1a: Dragonite\n|-unboost|p1a: Dragonite|atk|1\n|-heal|p2a: Spiritomb|98/100 brn\n|\n|-heal|p2a: Spiritomb|100/100 brn|[from] item: Leftovers\n|-damage|p1a: Dragonite|39/100 brn|[from] brn\n|-damage|p2a: Spiritomb|94/100 brn|[from] brn\n|upkeep\n|turn|27\n|\n|t:|1789630027\n|-activate|p1a: Dragonite|confusion\n|move|p1a: Dragonite|Outrage|p2a: Spiritomb\n|-damage|p2a: Spiritomb|82/100 brn\n|move|p2a: Spiritomb|Soul Toll|p1a: Dragonite\n|-immune|p1a: Dragonite\n|\n|-heal|p2a: Spiritomb|88/100 brn|[from] item: Leftovers\n|-damage|p1a: Dragonite|32/100 brn|[from] brn\n|-damage|p2a: Spiritomb|82/100 brn|[from] brn\n|upkeep\n|turn|28\n|\n|t:|1789630032\n|switch|p2a: Garchomp|Garchomp|100/100\n|-end|p1a: Dragonite|confusion\n|move|p1a: Dragonite|Outrage|p2a: Garchomp|[from] lockedmove\n|-supereffective|p2a: Garchomp\n|-damage|p2a: Garchomp|82/100\n|-damage|p1a: Dragonite|20/100 brn|[from] ability: Rough Skin|[of] p2a: Garchomp\n|-damage|p1a: Dragonite|4/100 brn|[from] item: Rocky Helmet|[of] p2a: Garchomp\n|-start|p1a: Dragonite|confusion|[fatigue]\n|\n|-damage|p1a: Dragonite|0 fnt|[from] brn\n|faint|p1a: Dragonite\n|upkeep\n|\n|t:|1789630032\n|switch|p1a: Moltres|Moltres|3/100\n|turn|29\n|\n|t:|1789630042\n|move|p2a: Garchomp|Earthquake|p1a: Moltres\n|-immune|p1a: Moltres\n|move|p1a: Moltres|Flamethrower|p2a: Garchomp\n|-resisted|p2a: Garchomp\n|-damage|p2a: Garchomp|66/100\n|\n|upkeep\n|turn|30\n|\n|t:|1789630047\n|move|p1a: Moltres|Roost|p1a: Moltres\n|-heal|p1a: Moltres|54/100\n|-singleturn|p1a: Moltres|move: Roost\n|move|p2a: Garchomp|Dragon Tail|p1a: Moltres|[miss]\n|-miss|p2a: Garchomp|p1a: Moltres\n|\n|upkeep\n|turn|31\n|\n|t:|1789630063\n|move|p2a: Garchomp|Earthquake|p1a: Moltres\n|-immune|p1a: Moltres\n|move|p1a: Moltres|Flamethrower|p2a: Garchomp\n|-resisted|p2a: Garchomp\n|-damage|p2a: Garchomp|47/100\n|\n|upkeep\n|turn|32\n|\n|t:|1789630067\n|move|p1a: Moltres|Flamethrower|p2a: Garchomp\n|-resisted|p2a: Garchomp\n|-damage|p2a: Garchomp|31/100\n|move|p2a: Garchomp|Dragon Tail|p1a: Moltres\n|-damage|p1a: Moltres|35/100\n|\n|upkeep\n|turn|33\n|\n|t:|1789630071\n|move|p2a: Garchomp|Earthquake|p1a: Moltres\n|-immune|p1a: Moltres\n|move|p1a: Moltres|Flamethrower|p2a: Garchomp\n|-resisted|p2a: Garchomp\n|-damage|p2a: Garchomp|15/100\n|\n|upkeep\n|turn|34\n|\n|t:|1789630077\n|move|p1a: Moltres|Flamethrower|p2a: Garchomp\n|-resisted|p2a: Garchomp\n|-damage|p2a: Garchomp|0 fnt\n|faint|p2a: Garchomp\n|\n|upkeep\n|\n|t:|1789630081\n|switch|p2a: Spiritomb|Spiritomb|82/100 brn\n|turn|35\n|\n|t:|1789630086\n|move|p1a: Moltres|Flamethrower|p2a: Spiritomb\n|-damage|p2a: Spiritomb|61/100 brn\n|move|p2a: Spiritomb|Strength Sap|p1a: Moltres\n|-unboost|p1a: Moltres|atk|1\n|-heal|p2a: Spiritomb|100/100 brn\n|\n|-damage|p2a: Spiritomb|94/100 brn|[from] brn\n|upkeep\n|turn|36\n|\n|t:|1789630093\n|move|p1a: Moltres|Flamethrower|p2a: Spiritomb\n|-damage|p2a: Spiritomb|72/100 brn\n|move|p2a: Spiritomb|Parting Shot|p1a: Moltres\n|-unboost|p1a: Moltres|atk|1\n|-unboost|p1a: Moltres|spa|1\n|\n|-heal|p2a: Spiritomb|78/100 brn|[from] item: Leftovers\n|-damage|p2a: Spiritomb|72/100 brn|[from] brn\n|upkeep\n|turn|37\n|\n|t:|1789630096\n|move|p1a: Moltres|Flamethrower|p2a: Spiritomb\n|-damage|p2a: Spiritomb|58/100 brn\n|move|p2a: Spiritomb|Strength Sap|p1a: Moltres\n|-unboost|p1a: Moltres|atk|1\n|-heal|p2a: Spiritomb|86/100 brn\n|\n|-heal|p2a: Spiritomb|92/100 brn|[from] item: Leftovers\n|-damage|p2a: Spiritomb|86/100 brn|[from] brn\n|upkeep\n|turn|38\n|\n|t:|1789630101\n|move|p1a: Moltres|Flamethrower|p2a: Spiritomb\n|-damage|p2a: Spiritomb|70/100 brn\n|move|p2a: Spiritomb|Soul Toll|p1a: Moltres\n|-damage|p1a: Moltres|3/100\n|\n|-heal|p2a: Spiritomb|76/100 brn|[from] item: Leftovers\n|-damage|p2a: Spiritomb|70/100 brn|[from] brn\n|upkeep\n|turn|39\n|\n|t:|1789630103\n|move|p1a: Moltres|Flamethrower|p2a: Spiritomb\n|-damage|p2a: Spiritomb|56/100 brn\n|move|p2a: Spiritomb|Soul Toll|p1a: Moltres\n|-damage|p1a: Moltres|0 fnt\n|faint|p1a: Moltres\n|\n|win|SlimeQueenSamantha\n|raw|Bunny Stockfish's rating: 1332 &rarr; <strong>1332</strong><br />(+0 for losing)\n|raw|SlimeQueenSamantha's rating: 1360 &rarr; <strong>1378</strong><br />(+18 for winning)\n|raw|<small>Bunny Stockfish is at its plateau (1332): a bot's rating never drops below it, so it stays at 1332 (-0). Your win still counts in full.</small>\n|l|☆Bunny Stockfish\n|player|p1|\n",
	"inputlog": ">start {\"formatid\":\"gen9rpou\",\"seed\":\"sodium,c386d5b6ab1f3f1e2aa9aebf7ac1ee7a\",\"rated\":\"Rated battle\"}\n>player p1 {\"name\":\"Bunny Stockfish\",\"avatar\":\"bunny.png\",\"team\":\"Heatran||Leftovers|FlameBody|MagmaStorm,EarthPower,Taunt,StealthRock|Modest|,,,252,4,252|N||||,,,,,Ghost]Samurott|SamurottHisui|FocusSash|Sharpness|CeaselessEdge,AquaCutter,AquaJet,KnockOff|Jolly|,252,,,4,252|N||||,,,,,Ghost]Kyurem||ChoiceSpecs|Pressure|IceBeam,FreezeDry,EarthPower,Blizzard|Timid|,,,252,4,252|N||||,,,,,Fairy]Dragonite||ChoiceBand|Multiscale|Outrage,ExtremeSpeed,Earthquake,FirePunch|Adamant|,252,4,,,252|N||||,,,,,Normal]Moltres||HeavyDutyBoots|FlameBody|Flamethrower,Roost,Uturn,Roar|Bold|248,,248,,,12|N||||,,,,,Grass]Glimmora||RedCard|ToxicDebris|StealthRock,MortalSpin,EarthPower,PowerGem|Bold|252,,252,,4,|N||||,,,,,Ghost\",\"rating\":1332}\n>player p2 {\"name\":\"SlimeQueenSamantha\",\"avatar\":\"queen.png\",\"team\":\"Spiritomb||Leftovers|KeystoneLegion|SoulToll,StrengthSap,PartingShot,WillOWisp|Calm|252,,4,,252,|N||||,,,,,Ghost]Glaceon||LifeOrb|DiamondDust|Blizzard,FreezeDry,AuroraVeil,EarthPower|Modest|,,4,252,,252|N|,0,,,,|||,,,,,Ice]Garchomp||RockyHelmet|RoughSkin|Earthquake,DragonTail,StealthRock,Spikes|Impish|252,,216,,,40|N||||,,,,,Ghost]Roserade||HeavyDutyBoots|Masquerade|ThornedBouquet,Oxidize,NastyPlot,MortalSpin|Timid|,,,252,4,252|N||||,,,,,Grass]Togekiss||ChoiceScarf|SereneGrace|AirSlash,Uturn,AlluringVoice,Flamethrower|Timid|,,,252,4,252|N||||,,,,,Fairy]Lucario||LucarioniteZ|Steadfast|NastyPlot,AuraSphere,HiddenPowerIce,DarkPulse|Timid|,,,252,,252|N|,0,,,,|||,Ice,,,,Fighting\",\"rating\":1360}\n>chat ☆Bunny Stockfish|Good luck! Playing on **stockfish**.\n>p1 team 1, 3, 2, 4, 5, 6\n>p2 team 4, 2, 3, 1, 5, 6\n>p1 move magmastorm dynamax\n>p2 move oxidize\n>p2 switch 3\n>p1 switch 2\n>p2 move earthquake\n>p1 move blizzard\n>p2 switch 2\n>p1 move blizzard\n>p2 move blizzard\n>p1 switch 2\n>p1 move magmastorm\n>p2 move earthpower\n>p1 switch 5\n>p1 move flamethrower\n>p2 move auroraveil\n>p2 switch 6\n>p1 move flamethrower\n>p2 move nastyplot mega\n>p1 move flamethrower\n>p2 move darkpulse\n>p2 switch 5\n>p1 switch 6\n>p2 move airslash dynamax\n>p1 move powergem\n>p2 move alluringvoice dynamax\n>p1 move powergem\n>p2 move alluringvoice dynamax\n>p1 switch 3\n>p1 move aquacutter\n>p2 move alluringvoice\n>p1 move aquacutter\n>p2 move alluringvoice\n>p1 switch 4\n>p1 move extremespeed terastallize\n>p2 move alluringvoice\n>p2 switch 4\n>p1 move extremespeed\n>p2 move willowisp\n>p1 switch 6\n>p2 move strengthsap\n>p1 move flamethrower\n>p2 move soultoll\n>p1 switch 6\n>p2 move soultoll\n>p1 move outrage\n>p2 move strengthsap\n>p1 move outrage\n>p2 move strengthsap\n>p1 move outrage\n>p2 move strengthsap\n>p1 move outrage\n>p2 move soultoll\n>p1 move outrage\n>p2 move soultoll\n>p1 move outrage\n>p2 move strengthsap\n>p1 move outrage\n>p2 move soultoll\n>p1 move outrage\n>p2 move strengthsap\n>p1 move outrage\n>p2 move soultoll\n>p1 move outrage\n>p2 switch 2\n>p1 switch 6\n>p1 move flamethrower\n>p2 move earthquake\n>p1 move roost\n>p2 move dragontail\n>p1 move flamethrower\n>p2 move earthquake\n>p1 move flamethrower\n>p2 move dragontail\n>p1 move flamethrower\n>p2 move earthquake\n>p1 move flamethrower\n>p2 move dragontail\n>p2 switch 2\n>p1 move flamethrower\n>p2 move strengthsap\n>p1 move flamethrower\n>p2 move partingshot\n>p1 move flamethrower\n>p2 move strengthsap\n>p1 move flamethrower\n>p2 move soultoll\n>p1 move flamethrower\n>p2 move soultoll",
	"uploadtime": 1789630114
}