{
	"id": "gen9rpou-3-tlj90j",
	"format": "[Gen 9] RP OU",
	"players": [
		"Bunny Stockfish",
		"TheRealWhimsicott"
	],
	"rating": null,
	"log": "|j|☆Bunny Stockfish\n|j|☆TheRealWhimsicott\n|t:|1789761164\n|gametype|singles\n|badge|p1|bronze|gen9rpou|3-3\n|badge|p2|silver|gen9rpou|2-2\n|player|p1|Bunny Stockfish|bunny.png|1332\n|player|p2|TheRealWhimsicott|266|1401\n|gen|9\n|tier|[Gen 9] RP OU\n|rated|\n|rule|HP Percentage Mod: HP is shown in percentages\n|rule|Endless Battle Clause: Forcing endless battles is banned\n|rule|Species Clause: Limit one of each Pokémon\n|rule|OHKO Clause: OHKO moves are banned\n|rule|Evasion Clause: Evasion abilities, items, and moves are banned\n|rule|Evasion Abilities Clause: Evasion abilities are banned\n|rule|Evasion Items Clause: Evasion items are banned\n|rule|Evasion Moves Clause: Evasion moves are banned\n|rule|Sleep Clause Mod: Limit one foe put to sleep\n|clearpoke\n|poke|p1|Roserade|\n|poke|p1|Sinistcha-Masterpiece|\n|poke|p1|Glaceon|\n|poke|p1|Swampert|\n|poke|p1|Hatterene|\n|poke|p1|Spiritomb|\n|poke|p2|Kingambit|\n|poke|p2|Haxorus|\n|poke|p2|Pawmot|\n|poke|p2|Glaceon|\n|poke|p2|Tapu Koko|\n|poke|p2|Corviknight|\n|teampreview\n|c|☆Bunny Stockfish|Good luck! Playing on **stockfish**.\n|\n|t:|1789761176\n|teamsize|p1|6\n|teamsize|p2|6\n|start\n|switch|p1a: Hatterene|Hatterene|100/100\n|switch|p2a: Glaceon|Glaceon|100/100\n|-weather|Snowscape|[from] ability: Diamond Dust|[of] p2a: Glaceon\n|turn|1\n|\n|t:|1789761181\n|-terastallize|p2a: Glaceon|Ice\n|move|p2a: Glaceon|Blizzard|p1a: Hatterene\n|-enditem|p1a: Hatterene|Focus Sash\n|-damage|p1a: Hatterene|1/100\n|move|p1a: Hatterene|Dazzling Gleam|p2a: Glaceon\n|-damage|p2a: Glaceon|43/100\n|\n|-weather|Snowscape|[upkeep]\n|upkeep\n|turn|2\n|\n|t:|1789761185\n|move|p2a: Glaceon|Blizzard|p1a: Hatterene\n|-damage|p1a: Hatterene|0 fnt\n|faint|p1a: Hatterene\n|\n|-weather|Snowscape|[upkeep]\n|upkeep\n|\n|t:|1789761185\n|switch|p1a: Glaceon|Glaceon|100/100\n|turn|3\n|\n|t:|1789761188\n|-start|p1a: Glaceon|Dynamax|\n|-heal|p1a: Glaceon|100/100|[silent]\n|move|p1a: Glaceon|Max Quake|p2a: Glaceon\n|-damage|p2a: Glaceon|0 fnt\n|-boost|p1a: Glaceon|spd|1\n|faint|p2a: Glaceon\n|-damage|p1a: Glaceon|96/100|[from] item: Life Orb\n|\n|-weather|Snowscape|[upkeep]\n|upkeep\n|\n|t:|1789761197\n|switch|p2a: Corviknight|Corviknight|100/100\n|-ability|p2a: Corviknight|Pressure\n|turn|4\n|\n|t:|1789761199\n|move|p2a: Corviknight|Protect|p2a: Corviknight\n|-singleturn|p2a: Corviknight|Protect\n|move|p1a: Glaceon|Max Hailstorm|p2a: Corviknight\n|-zbroken|p2a: Corviknight\n|-damage|p2a: Corviknight|77/100\n|-damage|p1a: Glaceon|91/100|[from] item: Life Orb\n|\n|-weather|Snowscape|[upkeep]\n|-heal|p2a: Corviknight|84/100|[from] item: Leftovers\n|upkeep\n|turn|5\n|\n|t:|1789761201\n|move|p1a: Glaceon|Max Hailstorm|p2a: Corviknight\n|-damage|p2a: Corviknight|0 fnt\n|faint|p2a: Corviknight\n|-damage|p1a: Glaceon|86/100|[from] item: Life Orb\n|\n|-weather|none\n|upkeep\n|\n|t:|1789761206\n|switch|p2a: Pawmot|Pawmot|100/100\n|-end|p1a: Glaceon|Dynamax\n|-heal|p1a: Glaceon|86/100|[silent]\n|turn|6\n|\n|t:|1789761210\n|move|p2a: Pawmot|Close Combat|p1a: Glaceon\n|-supereffective|p1a: Glaceon\n|-damage|p1a: Glaceon|0 fnt\n|-unboost|p2a: Pawmot|def|1\n|-unboost|p2a: Pawmot|spd|1\n|faint|p1a: Glaceon\n|\n|upkeep\n|\n|t:|1789761211\n|switch|p1a: Sinistcha|Sinistcha-Masterpiece|100/100\n|turn|7\n|\n|t:|1789761214\n|switch|p2a: Tapu Koko|Tapu Koko|100/100\n|-fieldstart|move: Electric Terrain|[from] ability: Electric Surge|[of] p2a: Tapu Koko\n|move|p1a: Sinistcha|Matcha Gotcha|p2a: Tapu Koko\n|-damage|p2a: Tapu Koko|49/100\n|\n|upkeep\n|turn|8\n|\n|t:|1789761216\n|move|p2a: Tapu Koko|Brave Bird|p1a: Sinistcha\n|-supereffective|p1a: Sinistcha\n|-damage|p1a: Sinistcha|62/100\n|-damage|p2a: Tapu Koko|34/100|[from] Recoil\n|move|p1a: Sinistcha|Matcha Gotcha|p2a: Tapu Koko\n|-damage|p2a: Tapu Koko|0 fnt\n|-heal|p1a: Sinistcha|76/100|[from] drain|[of] p2a: Tapu Koko\n|faint|p2a: Tapu Koko\n|\n|upkeep\n|\n|t:|1789761219\n|switch|p2a: Pawmot|Pawmot|100/100\n|turn|9\n|\n|t:|1789761224\n|move|p2a: Pawmot|Revival Blessing|p2a: Pawmot\n|\n|t:|1789761225\n|-heal|p2: Glaceon|50/100|[from] move: Revival Blessing\n|move|p1a: Sinistcha|Matcha Gotcha|p2a: Pawmot\n|-damage|p2a: Pawmot|39/100\n|-heal|p1a: Sinistcha|100/100|[from] drain|[of] p2a: Pawmot\n|\n|upkeep\n|turn|10\n|\n|t:|1789761227\n|-activate|p2a: Pawmot|move: Struggle\n|move|p2a: Pawmot|Struggle|p1a: Sinistcha\n|-damage|p1a: Sinistcha|85/100\n|-damage|p2a: Pawmot|14/100|[from] recoil\n|move|p1a: Sinistcha|Matcha Gotcha|p2a: Pawmot\n|-damage|p2a: Pawmot|0 fnt\n|-heal|p1a: Sinistcha|91/100|[from] drain|[of] p2a: Pawmot\n|faint|p2a: Pawmot\n|\n|upkeep\n|\n|t:|1789761229\n|switch|p2a: Glaceon|Glaceon|50/100\n|-weather|Snowscape|[from] ability: Diamond Dust|[of] p2a: Glaceon\n|turn|11\n|\n|t:|1789761231\n|switch|p1a: Spiritomb|Spiritomb|100/100\n|move|p2a: Glaceon|Blizzard|p1a: Spiritomb\n|-damage|p1a: Spiritomb|43/100\n|\n|-weather|Snowscape|[upkeep]\n|-heal|p1a: Spiritomb|49/100|[from] item: Leftovers\n|upkeep\n|turn|12\n|\n|t:|1789761233\n|switch|p2a: Haxorus|Haxorus|100/100\n|-ability|p2a: Haxorus|Mold Breaker\n|move|p1a: Spiritomb|Soul Toll|p2a: Haxorus\n|-crit|p2a: Haxorus\n|-damage|p2a: Haxorus|27/100\n|\n|-weather|Snowscape|[upkeep]\n|-heal|p1a: Spiritomb|55/100|[from] item: Leftovers\n|upkeep\n|turn|13\n|\n|t:|1789761235\n|-terastallize|p1a: Spiritomb|Fairy\n|move|p2a: Haxorus|Scale Shot|p1a: Spiritomb\n|-immune|p1a: Spiritomb\n|move|p1a: Spiritomb|Soul Toll|p2a: Haxorus\n|-crit|p2a: Haxorus\n|-damage|p2a: Haxorus|0 fnt\n|faint|p2a: Haxorus\n|\n|-weather|Snowscape|[upkeep]\n|-heal|p1a: Spiritomb|61/100|[from] item: Leftovers\n|upkeep\n|\n|t:|1789761237\n|switch|p2a: Kingambit|Kingambit|100/100\n|-activate|p2a: Kingambit|ability: Supreme Overlord\n|-start|p2a: Kingambit|fallen5|[silent]\n|turn|14\n|\n|t:|1789761248\n|move|p2a: Kingambit|Iron Head|p1a: Spiritomb\n|-supereffective|p1a: Spiritomb\n|-ability|p1a: Spiritomb|Keystone Legion\n|-message|The spirits of the keystone shield Spiritomb!\n|-start|p2a: Kingambit|Curse|[of] p1a: Spiritomb\n|-damage|p1a: Spiritomb|1/100\n|move|p1a: Spiritomb|Soul Toll|p2a: Kingambit\n|-resisted|p2a: Kingambit\n|-damage|p2a: Kingambit|71/100\n|-heal|p1a: Spiritomb|17/100|[from] drain|[of] p2a: Kingambit\n|\n|-weather|Snowscape|[upkeep]\n|-heal|p1a: Spiritomb|23/100|[from] item: Leftovers\n|-damage|p2a: Kingambit|46/100|[from] Curse\n|-fieldend|move: Electric Terrain\n|upkeep\n|turn|15\n|\n|t:|1789761251\n|move|p1a: Spiritomb|Soul Toll|p2a: Kingambit\n|-resisted|p2a: Kingambit\n|-crit|p2a: Kingambit\n|-damage|p2a: Kingambit|1/100\n|-heal|p1a: Spiritomb|47/100|[from] drain|[of] p2a: Kingambit\n|move|p2a: Kingambit|Iron Head|p1a: Spiritomb\n|-supereffective|p1a: Spiritomb\n|-damage|p1a: Spiritomb|0 fnt\n|faint|p1a: Spiritomb\n|\n|-weather|none\n|-damage|p2a: Kingambit|0 fnt|[from] Curse\n|faint|p2a: Kingambit\n|-end|p2a: Kingambit|fallen5|[silent]\n|upkeep\n|\n|t:|1789761257\n|switch|p2a: Glaceon|Glaceon|50/100\n|switch|p1a: Roserade|Roserade|100/100\n|-ability|p1a: Roserade|Masquerade\n|-start|p2a: Glaceon|move: Taunt\n|-weather|Snowscape|[from] ability: Diamond Dust|[of] p2a: Glaceon\n|turn|16\n|\n|t:|1789761258\n|move|p2a: Glaceon|Blizzard|p1a: Roserade\n|-supereffective|p1a: Roserade\n|-enditem|p1a: Roserade|Focus Sash\n|-damage|p1a: Roserade|1/100\n|move|p1a: Roserade|Thorned Bouquet|p2a: Glaceon\n|-damage|p2a: Glaceon|0 fnt\n|-heal|p1a: Roserade|24/100|[from] drain|[of] p2a: Glaceon\n|faint|p2a: Glaceon\n|\n|win|Bunny Stockfish\n",
	"inputlog": ">start {\"formatid\":\"gen9rpou\",\"seed\":\"sodium,9b2009bbb7cb2080ba7be8b17a4fd05d\",\"rated\":\"Rated battle\"}\n>player p1 {\"name\":\"Bunny Stockfish\",\"avatar\":\"bunny.png\",\"team\":\"Roserade||FocusSash|Masquerade|ThornedBouquet,SludgeBomb,Synthesis,Spikes|Timid|,,,252,4,252|N||||,,,,,Grass]Sinistcha|SinistchaMasterpiece|HeavyDutyBoots|Heatproof|CalmMind,MatchaGotcha,ShadowBall,StrengthSap|Bold|252,,252,,4,|N||||,,,,,Fairy]Glaceon||LifeOrb|DiamondDust|Blizzard,EarthPower,SparkScamper,FreezeDry|Timid|,,,252,4,252|N||||,,,,,Ice]Swampert||Leftovers|Torrent|WaveCharge,StealthRock,KnockOff,Surf|Timid|,,,252,4,252|N||||,,,,,Grass]Hatterene||FocusSash|MagicBounce|TrickRoom,PsychicNoise,DazzlingGleam,HealingWish|Quiet|252,,4,252,,|N|,0,,,,0|||,,,G,,Steel]Spiritomb||Leftovers|KeystoneLegion|SoulToll,StrengthSap,WillOWisp,PartingShot|Calm|252,,4,,252,|N||||,,,,,Fairy\",\"rating\":1332}\n>player p2 {\"name\":\"TheRealWhimsicott\",\"avatar\":\"266\",\"team\":\"Kingambit||BlackGlasses|SupremeOverlord|KnockOff,IronHead,SuckerPunch,SwordsDance|Adamant|252,252,,,4,|N||||,,,,,Dark]Haxorus||LoadedDice|MoldBreaker|HoneClaws,ScaleShot,Earthquake,IronHead|Jolly|4,252,,,,252|N||||,,,,,Steel]Pawmot||ChoiceBand|IronFist|RevivalBlessing,SparkScamper,CloseCombat,DoubleShock|Jolly|4,252,,,,252|N||||,,,,,Electric]Glaceon||ChoiceSpecs|DiamondDust|EarthPower,FreezeDry,FocusBlast,Blizzard|Modest|,,,252,4,252|N|,0,,,,|||,,,,,Ice]Tapu Koko||TerrainExtender|ElectricSurge|Uturn,BraveBird,Thunderbolt,DazzlingGleam|Timid|4,,,252,,252|N||||,,,,,Electric]Corviknight||Leftovers|Pressure|Roost,Uturn,Protect,IronHead|Impish|252,,252,,4,|N||||,,,,,Flying\",\"rating\":1401}\n>chat ☆Bunny Stockfish|Good luck! Playing on **stockfish**.\n>p1 team 5, 1, 3, 4, 2, 6\n>p2 team 4, 2, 3, 1, 5, 6\n>p1 move dazzlinggleam\n>p2 move blizzard terastallize\n>p1 move dazzlinggleam\n>p2 move blizzard\n>p1 switch 3\n>p1 move earthpower dynamax\n>p2 move blizzard\n>p2 switch 6\n>p1 move blizzard dynamax\n>p2 move protect\n>p1 move blizzard dynamax\n>p2 move roost\n>p2 switch 3\n>p1 move earthpower\n>p2 move closecombat\n>p1 switch 5\n>p1 move matchagotcha\n>p2 switch 5\n>p1 move matchagotcha\n>p2 move bravebird\n>p2 switch 5\n>p1 move matchagotcha\n>p2 move revivalblessing\n>p2 switch 6\n>p1 move matchagotcha\n>p2 move struggle\n>p2 switch 6\n>p1 switch 6\n>p2 move blizzard\n>p1 move soultoll\n>p2 switch 2\n>p1 move soultoll terastallize\n>p2 move scaleshot\n>p2 switch 4\n>p1 move soultoll\n>p2 move ironhead\n>p1 move soultoll\n>p2 move ironhead\n>p1 switch 2\n>p2 switch 2\n>p1 move thornedbouquet\n>p2 move blizzard",
	"uploadtime": 1789761258
}