{
	"id": "gen9rprandombattle-1-tlw1b3",
	"format": "[Gen 9] RP Random Battle",
	"players": [
		"Bunny Stockfish",
		"SlimeQueenSamantha"
	],
	"rating": null,
	"log": "|j|☆Bunny Stockfish\n|j|☆SlimeQueenSamantha\n|t:|1790295619\n|gametype|singles\n|badge|p1|gold|gen9rprandombattle|1-1\n|player|p1|Bunny Stockfish|bunny.png|1344\n|player|p2|SlimeQueenSamantha|queen.png|1239\n|gen|9\n|tier|[Gen 9] RP Random Battle\n|rated|\n|rule|Species Clause: Limit one of each Pokémon\n|rule|HP Percentage Mod: HP is shown in percentages\n|rule|Sleep Clause Mod: Limit one foe put to sleep\n|rule|Illusion Level Mod: Illusion disguises the Pokémon's true level\n|clearpoke\n|poke|p1|Dugtrio, L84, M|\n|poke|p1|Lanturn, L89, F|\n|poke|p1|Floatzel, L86, M|\n|poke|p1|Raichu, L88, M|\n|poke|p1|Serperior, L79, M|\n|poke|p1|Stantler, L92, F|\n|poke|p2|Shaymin, L82|\n|poke|p2|Chi-Yu, L77|\n|poke|p2|Sableye, L88, F|\n|poke|p2|Carbink, L90|\n|poke|p2|Sinistcha, L83|\n|poke|p2|Excadrill, L79, M|\n|teampreview\n|c|☆Bunny Stockfish|Good luck! Playing on **stockfish**.\n|\n|t:|1790295626\n|teamsize|p1|6\n|teamsize|p2|6\n|start\n|switch|p1a: Floatzel|Floatzel, L86, M|286/286\n|switch|p2a: Sableye|Sableye, L88, F|231/231\n|turn|1\n|\n|t:|1790295640\n|-terastallize|p1a: Floatzel|Water\n|move|p1a: Floatzel|Wave Crash|p2a: Sableye\n|-damage|p2a: Sableye|0 fnt\n|faint|p2a: Sableye\n|-damage|p1a: Floatzel|210/286|[from] Recoil\n|\n|upkeep\n|\n|t:|1790295647\n|switch|p2a: Chi-Yu|Chi-Yu, L77|211/211\n|-ability|p2a: Chi-Yu|Beads of Ruin\n|turn|2\n|\n|t:|1790295649\n|move|p2a: Chi-Yu|Dark Pulse|p1a: Floatzel\n|-damage|p1a: Floatzel|45/286\n|move|p1a: Floatzel|Wave Crash|p2a: Chi-Yu\n|-supereffective|p2a: Chi-Yu\n|-damage|p2a: Chi-Yu|0 fnt\n|faint|p2a: Chi-Yu\n|-damage|p1a: Floatzel|0 fnt|[from] Recoil\n|faint|p1a: Floatzel\n|\n|upkeep\n|\n|t:|1790295653\n|switch|p1a: Dugtrio|Dugtrio, L84, M|196/196\n|switch|p2a: Shaymin|Shaymin, L82|298/298\n|turn|3\n|\n|t:|1790295654\n|switch|p1a: Serperior|Serperior, L79, M|248/248\n|move|p2a: Shaymin|Seed Flare|p1a: Serperior\n|-resisted|p1a: Serperior\n|-damage|p1a: Serperior|188/248\n|\n|upkeep\n|turn|4\n|\n|t:|1790295657\n|move|p1a: Serperior|Glare|p2a: Shaymin\n|-status|p2a: Shaymin|par\n|move|p2a: Shaymin|Air Slash|p1a: Serperior\n|-supereffective|p1a: Serperior\n|-damage|p1a: Serperior|88/248\n|\n|upkeep\n|turn|5\n|\n|t:|1790295661\n|move|p1a: Serperior|Synthesis|p1a: Serperior\n|-heal|p1a: Serperior|212/248\n|move|p2a: Shaymin|Air Slash|p1a: Serperior\n|-supereffective|p1a: Serperior\n|-damage|p1a: Serperior|114/248\n|\n|upkeep\n|turn|6\n|\n|t:|1790295663\n|move|p1a: Serperior|Synthesis|p1a: Serperior\n|-heal|p1a: Serperior|238/248\n|move|p2a: Shaymin|Air Slash|p1a: Serperior\n|-supereffective|p1a: Serperior\n|-damage|p1a: Serperior|138/248\n|\n|upkeep\n|turn|7\n|\n|t:|1790295666\n|move|p1a: Serperior|Synthesis|p1a: Serperior\n|-heal|p1a: Serperior|248/248\n|move|p2a: Shaymin|Air Slash|p1a: Serperior\n|-supereffective|p1a: Serperior\n|-crit|p1a: Serperior\n|-damage|p1a: Serperior|104/248\n|\n|upkeep\n|turn|8\n|\n|t:|1790295668\n|move|p1a: Serperior|Synthesis|p1a: Serperior\n|-heal|p1a: Serperior|228/248\n|move|p2a: Shaymin|Air Slash|p1a: Serperior\n|-supereffective|p1a: Serperior\n|-damage|p1a: Serperior|128/248\n|\n|upkeep\n|turn|9\n|\n|t:|1790295671\n|move|p1a: Serperior|Synthesis|p1a: Serperior\n|-heal|p1a: Serperior|248/248\n|move|p2a: Shaymin|Air Slash|p1a: Serperior\n|-supereffective|p1a: Serperior\n|-damage|p1a: Serperior|138/248\n|\n|upkeep\n|turn|10\n|\n|t:|1790295673\n|move|p1a: Serperior|Synthesis|p1a: Serperior\n|-heal|p1a: Serperior|248/248\n|move|p2a: Shaymin|Air Slash|p1a: Serperior\n|-supereffective|p1a: Serperior\n|-damage|p1a: Serperior|148/248\n|\n|upkeep\n|turn|11\n|\n|t:|1790295676\n|move|p1a: Serperior|Synthesis|p1a: Serperior\n|-heal|p1a: Serperior|248/248\n|move|p2a: Shaymin|Air Slash|p1a: Serperior\n|-supereffective|p1a: Serperior\n|-damage|p1a: Serperior|150/248\n|\n|upkeep\n|turn|12\n|\n|t:|1790295679\n|move|p1a: Serperior|Synthesis|p1a: Serperior\n|-heal|p1a: Serperior|248/248\n|move|p2a: Shaymin|Air Slash|p1a: Serperior\n|-supereffective|p1a: Serperior\n|-damage|p1a: Serperior|152/248\n|\n|upkeep\n|turn|13\n|\n|t:|1790295680\n|switch|p1a: Stantler|Stantler, L92, F|284/284\n|-ability|p1a: Stantler|Intimidate|boost\n|-unboost|p2a: Shaymin|atk|1\n|move|p2a: Shaymin|Air Slash|p1a: Stantler\n|-damage|p1a: Stantler|245/284\n|\n|upkeep\n|turn|14\n|\n|t:|1790295684\n|move|p1a: Stantler|Body Slam|p2a: Shaymin\n|-damage|p2a: Shaymin|208/298 par\n|move|p2a: Shaymin|Seed Flare|p1a: Stantler\n|-damage|p1a: Stantler|149/284\n|\n|-heal|p2a: Shaymin|226/298 par|[from] item: Leftovers\n|upkeep\n|turn|15\n|\n|t:|1790295691\n|move|p1a: Stantler|Body Slam|p2a: Shaymin\n|-damage|p2a: Shaymin|124/298 par\n|move|p2a: Shaymin|Seed Flare|p1a: Stantler\n|-damage|p1a: Stantler|56/284\n|\n|-heal|p2a: Shaymin|142/298 par|[from] item: Leftovers\n|upkeep\n|turn|16\n|\n|t:|1790295696\n|move|p1a: Stantler|Body Slam|p2a: Shaymin\n|-damage|p2a: Shaymin|52/298 par\n|move|p2a: Shaymin|Synthesis|p2a: Shaymin\n|-heal|p2a: Shaymin|201/298 par\n|\n|-heal|p2a: Shaymin|219/298 par|[from] item: Leftovers\n|upkeep\n|turn|17\n|\n|t:|1790295700\n|move|p1a: Stantler|Body Slam|p2a: Shaymin\n|-damage|p2a: Shaymin|116/298 par\n|move|p2a: Shaymin|Seed Flare|p1a: Stantler|[miss]\n|-miss|p2a: Shaymin|p1a: Stantler\n|\n|-heal|p2a: Shaymin|134/298 par|[from] item: Leftovers\n|upkeep\n|turn|18\n|\n|t:|1790295708\n|-curestatus|p2a: Shaymin|par|[from] ability: Natural Cure|[silent]\n|switch|p2a: Excadrill|Excadrill, L79, M|303/303\n|-ability|p2a: Excadrill|Mold Breaker\n|move|p1a: Stantler|Body Slam|p2a: Excadrill\n|-resisted|p2a: Excadrill\n|-damage|p2a: Excadrill|227/303\n|\n|-heal|p2a: Excadrill|245/303|[from] item: Leftovers\n|upkeep\n|turn|19\n|\n|t:|1790295710\n|move|p1a: Stantler|Earthquake|p2a: Excadrill\n|-supereffective|p2a: Excadrill\n|-damage|p2a: Excadrill|9/303\n|move|p2a: Excadrill|Swords Dance|p2a: Excadrill\n|-boost|p2a: Excadrill|atk|2\n|\n|-heal|p2a: Excadrill|27/303|[from] item: Leftovers\n|upkeep\n|turn|20\n|\n|t:|1790295713\n|move|p1a: Stantler|Earthquake|p2a: Excadrill\n|-supereffective|p2a: Excadrill\n|-damage|p2a: Excadrill|0 fnt\n|faint|p2a: Excadrill\n|\n|upkeep\n|\n|t:|1790295717\n|switch|p2a: Shaymin|Shaymin, L82|134/298\n|turn|21\n|\n|t:|1790295718\n|move|p2a: Shaymin|Synthesis|p2a: Shaymin\n|-heal|p2a: Shaymin|283/298\n|move|p1a: Stantler|Body Slam|p2a: Shaymin\n|-damage|p2a: Shaymin|183/298\n|\n|-heal|p2a: Shaymin|201/298|[from] item: Leftovers\n|upkeep\n|turn|22\n|\n|t:|1790295720\n|move|p2a: Shaymin|Seed Flare|p1a: Stantler\n|-damage|p1a: Stantler|0 fnt\n|faint|p1a: Stantler\n|\n|-heal|p2a: Shaymin|219/298|[from] item: Leftovers\n|upkeep\n|\n|t:|1790295721\n|switch|p1a: Raichu|Raichu, L88, M|249/249\n|turn|23\n|\n|t:|1790295723\n|move|p1a: Raichu|Nasty Plot|p1a: Raichu\n|-boost|p1a: Raichu|spa|2\n|move|p2a: Shaymin|Earth Power|p1a: Raichu\n|-supereffective|p1a: Raichu\n|-damage|p1a: Raichu|125/249\n|\n|-heal|p2a: Shaymin|237/298|[from] item: Leftovers\n|upkeep\n|turn|24\n|\n|t:|1790295726\n|-terastallize|p2a: Shaymin|Ground\n|move|p1a: Raichu|Focus Blast|p2a: Shaymin\n|-damage|p2a: Shaymin|7/298\n|-damage|p1a: Raichu|101/249|[from] item: Life Orb\n|move|p2a: Shaymin|Earth Power|p1a: Raichu\n|-supereffective|p1a: Raichu\n|-damage|p1a: Raichu|0 fnt\n|faint|p1a: Raichu\n|\n|-heal|p2a: Shaymin|25/298|[from] item: Leftovers\n|upkeep\n|\n|t:|1790295726\n|switch|p1a: Serperior|Serperior, L79, M|152/248\n|turn|25\n|\n|t:|1790295732\n|move|p1a: Serperior|Dragon Pulse|p2a: Shaymin\n|-damage|p2a: Shaymin|0 fnt\n|faint|p2a: Shaymin\n|-damage|p1a: Serperior|128/248|[from] item: Life Orb\n|\n|upkeep\n|\n|t:|1790295735\n|switch|p2a: Sinistcha|Sinistcha, L83|254/254\n|turn|26\n|\n|t:|1790295737\n|switch|p1a: Lanturn|Lanturn, L89, F|367/367\n|move|p2a: Sinistcha|Strength Sap|p1a: Lanturn\n|-unboost|p1a: Lanturn|atk|1\n|\n|upkeep\n|turn|27\n|\n|t:|1790295740\n|switch|p1a: Serperior|Serperior, L79, M|128/248\n|move|p2a: Sinistcha|Calm Mind|p2a: Sinistcha\n|-boost|p2a: Sinistcha|spa|1\n|-boost|p2a: Sinistcha|spd|1\n|\n|upkeep\n|turn|28\n|\n|t:|1790295742\n|switch|p1a: Lanturn|Lanturn, L89, F|367/367\n|move|p2a: Sinistcha|Calm Mind|p2a: Sinistcha\n|-boost|p2a: Sinistcha|spa|1\n|-boost|p2a: Sinistcha|spd|1\n|\n|upkeep\n|turn|29\n|\n|t:|1790295744\n|move|p1a: Lanturn|Thunder Wave|p2a: Sinistcha\n|-status|p2a: Sinistcha|par\n|cant|p2a: Sinistcha|par\n|\n|upkeep\n|turn|30\n|\n|t:|1790295746\n|switch|p1a: Dugtrio|Dugtrio, L84, M|196/196\n|cant|p2a: Sinistcha|par\n|\n|upkeep\n|turn|31\n|\n|t:|1790295748\n|move|p1a: Dugtrio|Throat Chop|p2a: Sinistcha\n|-supereffective|p2a: Sinistcha\n|-damage|p2a: Sinistcha|102/254 par\n|-start|p2a: Sinistcha|Throat Chop|[silent]\n|move|p2a: Sinistcha|Matcha Gotcha|p1a: Dugtrio|[miss]\n|-miss|p2a: Sinistcha|p1a: Dugtrio\n|\n|-heal|p2a: Sinistcha|117/254 par|[from] item: Leftovers\n|upkeep\n|turn|32\n|\n|t:|1790295755\n|move|p1a: Dugtrio|Throat Chop|p2a: Sinistcha\n|-supereffective|p2a: Sinistcha\n|-damage|p2a: Sinistcha|0 fnt\n|faint|p2a: Sinistcha\n|\n|upkeep\n|\n|t:|1790295757\n|switch|p2a: Carbink|Carbink, L90|236/236\n|turn|33\n|\n|t:|1790295760\n|switch|p1a: Serperior|Serperior, L79, M|128/248\n|move|p2a: Carbink|Iron Defense|p2a: Carbink\n|-boost|p2a: Carbink|def|2\n|\n|upkeep\n|turn|34\n|\n|t:|1790295762\n|move|p1a: Serperior|Leaf Storm|p2a: Carbink\n|-supereffective|p2a: Carbink\n|-damage|p2a: Carbink|72/236\n|-boost|p1a: Serperior|spa|2\n|-damage|p1a: Serperior|104/248|[from] item: Life Orb\n|move|p2a: Carbink|Body Press|p1a: Serperior\n|-damage|p1a: Serperior|0 fnt\n|faint|p1a: Serperior\n|\n|upkeep\n|\n|t:|1790295762\n|switch|p1a: Lanturn|Lanturn, L89, F|367/367\n|turn|35\n|\n|t:|1790295768\n|move|p1a: Lanturn|Undertow|p2a: Carbink\n|-supereffective|p2a: Carbink\n|-damage|p2a: Carbink|0 fnt\n|faint|p2a: Carbink\n|\n|win|Bunny Stockfish\n",
	"inputlog": ">start {\"formatid\":\"gen9rprandombattle\",\"seed\":\"sodium,cb7535b7cf43d1d339626b5755995582\",\"rated\":\"Rated battle\"}\n>player p1 {\"name\":\"Bunny Stockfish\",\"avatar\":\"bunny.png\",\"rating\":1344,\"seed\":\"sodium,819517d0ea282db7613052c3e7d1974a\"}\n>player p2 {\"name\":\"SlimeQueenSamantha\",\"avatar\":\"queen.png\",\"rating\":1239,\"seed\":\"sodium,30fad983e912fe96a980eda147a6365e\"}\n>chat ☆Bunny Stockfish|Good luck! Playing on **stockfish**.\n>p1 team 3, 1, 4, 5, 6, 2\n>p2 team 3, 2, 1, 4, 5, 6\n>p1 move wavecrash terastallize\n>p2 move crunch\n>p2 switch 2\n>p1 move wavecrash\n>p2 move darkpulse\n>p1 switch 2\n>p2 switch 3\n>p1 switch 4\n>p2 move seedflare\n>p1 move glare\n>p2 move airslash\n>p1 move synthesis\n>p2 move airslash\n>p1 move synthesis\n>p2 move airslash\n>p1 move synthesis\n>p2 move airslash\n>p1 move synthesis\n>p2 move airslash\n>p1 move synthesis\n>p2 move airslash\n>p1 move synthesis\n>p2 move airslash\n>p1 move synthesis\n>p2 move airslash\n>p1 move synthesis\n>p2 move airslash\n>p1 switch 5\n>p2 move airslash\n>p1 move bodyslam\n>p2 move seedflare\n>p1 move bodyslam\n>p2 move seedflare\n>p1 move bodyslam\n>p2 move synthesis\n>p1 move bodyslam\n>p2 move seedflare\n>p1 move bodyslam\n>p2 switch 6\n>p1 move earthquake\n>p2 move swordsdance\n>p1 move earthquake\n>p2 move earthquake\n>p2 switch 6\n>p1 move bodyslam\n>p2 move synthesis\n>p1 move bodyslam\n>p2 move seedflare\n>p1 switch 3\n>p1 move nastyplot\n>p2 move earthpower\n>p1 move focusblast\n>p2 move earthpower terastallize\n>p1 switch 5\n>p1 move dragonpulse\n>p2 move synthesis\n>p2 switch 5\n>p1 switch 6\n>p2 move strengthsap\n>p1 switch 6\n>p2 move calmmind\n>p1 switch 6\n>p2 move calmmind\n>p1 move thunderwave\n>p2 move calmmind\n>p1 switch 4\n>p2 move matchagotcha\n>p1 move throatchop\n>p2 move matchagotcha\n>p1 move throatchop\n>p2 move matchagotcha\n>p2 switch 4\n>p1 switch 6\n>p2 move irondefense\n>p1 move leafstorm\n>p2 move bodypress\n>p1 switch 4\n>p1 move undertow\n>p2 move rest",
	"uploadtime": 1790295768
}