{
	"id": "gen9rpou-4-tliyi7",
	"format": "[Gen 9] RP OU",
	"players": [
		"Bunny Stockfish",
		"SlimeQueenSamantha"
	],
	"rating": null,
	"log": "|j|☆Bunny Stockfish\n|j|☆SlimeQueenSamantha\n|t:|1789675999\n|gametype|singles\n|badge|p1|silver|gen9rpou|2-2\n|badge|p2|gold|gen9rpou|1-1\n|player|p1|Bunny Stockfish|bunny.png|1428\n|player|p2|SlimeQueenSamantha|queen.png|1539\n|gen|9\n|tier|[Gen 9] RP OU\n|rated|\n|rule|HP Percentage Mod: HP is shown in percentages\n|rule|Endless Battle Clause: Forcing endless battles is banned\n|rule|Species Clause: Limit one of each Pokémon\n|rule|OHKO Clause: OHKO moves are banned\n|rule|Evasion Clause: Evasion abilities, items, and moves are banned\n|rule|Evasion Abilities Clause: Evasion abilities are banned\n|rule|Evasion Items Clause: Evasion items are banned\n|rule|Evasion Moves Clause: Evasion moves are banned\n|rule|Sleep Clause Mod: Limit one foe put to sleep\n|clearpoke\n|poke|p1|Ninetales|\n|poke|p1|Simipour|\n|poke|p1|Spiritomb|\n|poke|p1|Enamorus|\n|poke|p1|Landorus-Therian|\n|poke|p1|Hatterene|\n|poke|p2|Flareon|\n|poke|p2|Landorus-Therian, M|\n|poke|p2|Heatran|\n|poke|p2|Vaporeon|\n|poke|p2|Simisear|\n|poke|p2|Spiritomb|\n|teampreview\n|c|☆Bunny Stockfish|Good luck! Playing on **stockfish**.\n|\n|t:|1789676001\n|teamsize|p1|6\n|teamsize|p2|6\n|start\n|switch|p1a: Landorus|Landorus-Therian|100/100\n|switch|p2a: Simisear|Simisear|100/100\n|-weather|SunnyDay|[from] ability: Solar Surge|[of] p2a: Simisear\n|-ability|p1a: Landorus|Intimidate|boost\n|-unboost|p2a: Simisear|atk|1\n|turn|1\n|\n|t:|1789676004\n|-terastallize|p1a: Landorus|Water\n|move|p2a: Simisear|U-turn|p1a: Landorus\n|-damage|p1a: Landorus|82/100\n|-damage|p2a: Simisear|84/100|[from] item: Rocky Helmet|[of] p1a: Landorus\n|\n|t:|1789676008\n|switch|p2a: Vaporeon|Vaporeon|100/100|[from] U-turn\n|move|p1a: Landorus|Earthquake|p2a: Vaporeon\n|-damage|p2a: Vaporeon|69/100\n|\n|-weather|SunnyDay|[upkeep]\n|upkeep\n|turn|2\n|\n|t:|1789676014\n|move|p1a: Landorus|Earthquake|p2a: Vaporeon\n|-damage|p2a: Vaporeon|32/100\n|move|p2a: Vaporeon|Wish|p2a: Vaporeon\n|\n|-weather|SunnyDay|[upkeep]\n|upkeep\n|turn|3\n|\n|t:|1789676017\n|move|p2a: Vaporeon|Protect|p2a: Vaporeon\n|-singleturn|p2a: Vaporeon|Protect\n|move|p1a: Landorus|Earthquake|p2a: Vaporeon\n|-activate|p2a: Vaporeon|move: Protect\n|\n|-weather|SunnyDay|[upkeep]\n|-heal|p2a: Vaporeon|82/100|[from] move: Wish|[wisher] Vaporeon\n|upkeep\n|turn|4\n|\n|t:|1789676021\n|switch|p2a: Landorus|Landorus-Therian, M|100/100\n|-ability|p2a: Landorus|Intimidate|boost\n|-unboost|p1a: Landorus|atk|1\n|move|p1a: Landorus|Earthquake|p2a: Landorus\n|-immune|p2a: Landorus\n|\n|-weather|SunnyDay|[upkeep]\n|upkeep\n|turn|5\n|\n|t:|1789676023\n|move|p1a: Landorus|Stealth Rock|p2a: Landorus\n|-sidestart|p2: SlimeQueenSamantha|move: Stealth Rock\n|move|p2a: Landorus|U-turn|p1a: Landorus\n|-damage|p1a: Landorus|60/100\n|-damage|p2a: Landorus|84/100|[from] item: Rocky Helmet|[of] p1a: Landorus\n|\n|t:|1789676031\n|switch|p2a: Spiritomb|Spiritomb|100/100|[from] U-turn\n|-damage|p2a: Spiritomb|88/100|[from] Stealth Rock\n|\n|-weather|none\n|-heal|p2a: Spiritomb|94/100|[from] item: Leftovers\n|upkeep\n|turn|6\n|\n|t:|1789676035\n|switch|p1a: Spiritomb|Spiritomb|100/100\n|move|p2a: Spiritomb|Will-O-Wisp|p1a: Spiritomb\n|-status|p1a: Spiritomb|brn\n|\n|-heal|p2a: Spiritomb|100/100|[from] item: Leftovers\n|-damage|p1a: Spiritomb|94/100 brn|[from] brn\n|upkeep\n|turn|7\n|\n|t:|1789676037\n|move|p1a: Spiritomb|Will-O-Wisp|p2a: Spiritomb\n|-status|p2a: Spiritomb|brn\n|move|p2a: Spiritomb|Parting Shot|p1a: Spiritomb\n|-unboost|p1a: Spiritomb|atk|1\n|-unboost|p1a: Spiritomb|spa|1\n|\n|t:|1789676041\n|switch|p2a: Landorus|Landorus-Therian, M|84/100|[from] Parting Shot\n|-damage|p2a: Landorus|72/100|[from] Stealth Rock\n|-ability|p2a: Landorus|Intimidate|boost\n|-unboost|p1a: Spiritomb|atk|1\n|\n|-heal|p2a: Landorus|78/100|[from] item: Leftovers\n|-heal|p1a: Spiritomb|100/100 brn|[from] item: Leftovers\n|-damage|p1a: Spiritomb|94/100 brn|[from] brn\n|upkeep\n|turn|8\n|\n|t:|1789676043\n|move|p2a: Landorus|Defog|p1a: Spiritomb\n|-unboost|p1a: Spiritomb|evasion|1\n|-sideend|p2: SlimeQueenSamantha|Stealth Rock|[from] move: Defog|[of] p2a: Landorus\n|move|p1a: Spiritomb|Will-O-Wisp|p2a: Landorus\n|-status|p2a: Landorus|brn\n|\n|-heal|p2a: Landorus|84/100 brn|[from] item: Leftovers\n|-heal|p1a: Spiritomb|100/100 brn|[from] item: Leftovers\n|-damage|p2a: Landorus|78/100 brn|[from] brn\n|-damage|p1a: Spiritomb|94/100 brn|[from] brn\n|upkeep\n|turn|9\n|\n|t:|1789676045\n|switch|p1a: Simipour|Simipour|100/100\n|-weather|RainDance|[from] ability: Tidal Surge|[of] p1a: Simipour\n|move|p2a: Landorus|Earthquake|p1a: Simipour\n|-damage|p1a: Simipour|61/100\n|\n|-weather|RainDance|[upkeep]\n|-heal|p2a: Landorus|84/100 brn|[from] item: Leftovers\n|-damage|p2a: Landorus|78/100 brn|[from] brn\n|upkeep\n|turn|10\n|\n|t:|1789676051\n|switch|p1a: Enamorus|Enamorus|100/100\n|switch|p2a: Vaporeon|Vaporeon|100/100\n|\n|-weather|RainDance|[upkeep]\n|upkeep\n|turn|11\n|\n|t:|1789676054\n|move|p1a: Enamorus|Moonblast|p2a: Vaporeon\n|-damage|p2a: Vaporeon|60/100\n|move|p2a: Vaporeon|Flip Turn|p1a: Enamorus\n|-damage|p1a: Enamorus|65/100\n|\n|t:|1789676060\n|switch|p2a: Simisear|Simisear|84/100|[from] Flip Turn\n|-weather|SunnyDay|[from] ability: Solar Surge|[of] p2a: Simisear\n|\n|-weather|SunnyDay|[upkeep]\n|upkeep\n|turn|12\n|\n|t:|1789676066\n|switch|p1a: Ninetales|Ninetales|100/100\n|move|p2a: Simisear|Cinder Rush|p1a: Ninetales\n|-resisted|p1a: Ninetales\n|-crit|p1a: Ninetales\n|-damage|p1a: Ninetales|11/100\n|\n|-weather|SunnyDay|[upkeep]\n|upkeep\n|turn|13\n|\n|t:|1789676069\n|switch|p1a: Spiritomb|Spiritomb|94/100 brn\n|move|p2a: Simisear|Cinder Rush|p1a: Spiritomb\n|-damage|p1a: Spiritomb|36/100 brn\n|\n|-weather|SunnyDay|[upkeep]\n|-heal|p1a: Spiritomb|42/100 brn|[from] item: Leftovers\n|-damage|p1a: Spiritomb|36/100 brn|[from] brn\n|upkeep\n|turn|14\n|\n|t:|1789676073\n|switch|p1a: Hatterene|Hatterene|100/100\n|move|p2a: Simisear|Cinder Rush|p1a: Hatterene\n|-damage|p1a: Hatterene|20/100\n|\n|-weather|SunnyDay|[upkeep]\n|upkeep\n|turn|15\n|\n|t:|1789676076\n|switch|p1a: Landorus|Landorus-Therian, tera:Water|60/100\n|-ability|p1a: Landorus|Intimidate|boost\n|-unboost|p2a: Simisear|atk|1\n|move|p2a: Simisear|Cinder Rush|p1a: Landorus\n|-resisted|p1a: Landorus\n|-damage|p1a: Landorus|38/100\n|-damage|p2a: Simisear|68/100|[from] item: Rocky Helmet|[of] p1a: Landorus\n|\n|-weather|none\n|upkeep\n|turn|16\n|\n|t:|1789676079\n|move|p2a: Simisear|U-turn|p1a: Landorus\n|-damage|p1a: Landorus|20/100\n|-damage|p2a: Simisear|51/100|[from] item: Rocky Helmet|[of] p1a: Landorus\n|\n|t:|1789676086\n|switch|p2a: Landorus|Landorus-Therian, M|78/100 brn|[from] U-turn\n|-ability|p2a: Landorus|Intimidate|boost\n|-unboost|p1a: Landorus|atk|1\n|move|p1a: Landorus|Earthquake|p2a: Landorus\n|-immune|p2a: Landorus\n|\n|-heal|p2a: Landorus|84/100 brn|[from] item: Leftovers\n|-damage|p2a: Landorus|78/100 brn|[from] brn\n|upkeep\n|turn|17\n|\n|t:|1789676088\n|move|p1a: Landorus|U-turn|p2a: Landorus\n|-resisted|p2a: Landorus\n|-damage|p2a: Landorus|71/100 brn\n|\n|t:|1789676088\n|switch|p1a: Simipour|Simipour|61/100|[from] U-turn\n|-weather|RainDance|[from] ability: Tidal Surge|[of] p1a: Simipour\n|move|p2a: Landorus|U-turn|p1a: Simipour\n|-damage|p1a: Simipour|41/100\n|\n|t:|1789676093\n|switch|p2a: Simisear|Simisear|51/100|[from] U-turn\n|-weather|SunnyDay|[from] ability: Solar Surge|[of] p2a: Simisear\n|\n|-weather|SunnyDay|[upkeep]\n|upkeep\n|turn|18\n|\n|t:|1789676096\n|move|p2a: Simisear|Cinder Rush|p1a: Simipour\n|-resisted|p1a: Simipour\n|-damage|p1a: Simipour|0 fnt\n|faint|p1a: Simipour\n|\n|-weather|SunnyDay|[upkeep]\n|upkeep\n|\n|t:|1789676096\n|switch|p1a: Enamorus|Enamorus|65/100\n|turn|19\n|\n|t:|1789676099\n|-start|p1a: Enamorus|Dynamax|\n|-heal|p1a: Enamorus|65/100|[silent]\n|move|p2a: Simisear|Cinder Rush|p1a: Enamorus\n|-damage|p1a: Enamorus|11/100\n|move|p1a: Enamorus|Max Quake|p2a: Simisear\n|-supereffective|p2a: Simisear\n|-damage|p2a: Simisear|0 fnt\n|-unboost|p1a: Enamorus|spd|1\n|faint|p2a: Simisear\n|\n|-weather|SunnyDay|[upkeep]\n|upkeep\n|\n|t:|1789676102\n|switch|p2a: Flareon|Flareon|100/100\n|-status|p2a: Flareon|brn|[from] ability: Kindled Fury|[of] p2a: Flareon\n|turn|20\n|\n|t:|1789676104\n|move|p2a: Flareon|Protect|p2a: Flareon\n|-singleturn|p2a: Flareon|Protect\n|move|p1a: Enamorus|Max Quake|p2a: Flareon\n|-supereffective|p2a: Flareon\n|-zbroken|p2a: Flareon\n|-damage|p2a: Flareon|70/100 brn\n|-unboost|p1a: Enamorus|spd|1\n|\n|-weather|SunnyDay|[upkeep]\n|-heal|p2a: Flareon|76/100 brn|[from] item: Leftovers\n|-damage|p2a: Flareon|70/100 brn|[from] brn\n|-ability|p2a: Flareon|Kindled Fury|boost\n|-boost|p2a: Flareon|spe|1\n|upkeep\n|turn|21\n|\n|t:|1789676109\n|-start|p2a: Flareon|Dynamax|\n|-heal|p2a: Flareon|70/100 brn|[silent]\n|move|p2a: Flareon|Max Flare|p1a: Enamorus\n|-damage|p1a: Enamorus|0 fnt\n|faint|p1a: Enamorus\n|\n|-weather|none\n|-heal|p2a: Flareon|73/100 brn|[from] item: Leftovers\n|-damage|p2a: Flareon|70/100 brn|[from] brn\n|-ability|p2a: Flareon|Kindled Fury|boost\n|-boost|p2a: Flareon|spe|1\n|upkeep\n|\n|t:|1789676109\n|switch|p1a: Landorus|Landorus-Therian, tera:Water|20/100\n|-ability|p1a: Landorus|Intimidate|boost\n|-unboost|p2a: Flareon|atk|1\n|turn|22\n|\n|t:|1789676115\n|move|p2a: Flareon|Max Strike|p1a: Landorus\n|-damage|p1a: Landorus|0 fnt\n|faint|p1a: Landorus\n|\n|-heal|p2a: Flareon|73/100 brn|[from] item: Leftovers\n|-damage|p2a: Flareon|70/100 brn|[from] brn\n|-ability|p2a: Flareon|Kindled Fury|boost\n|-boost|p2a: Flareon|spe|1\n|upkeep\n|\n|t:|1789676115\n|switch|p1a: Hatterene|Hatterene|20/100\n|turn|23\n|\n|t:|1789676117\n|move|p2a: Flareon|Max Strike|p1a: Hatterene\n|-damage|p1a: Hatterene|0 fnt\n|faint|p1a: Hatterene\n|\n|-heal|p2a: Flareon|73/100 brn|[from] item: Leftovers\n|-damage|p2a: Flareon|70/100 brn|[from] brn\n|-ability|p2a: Flareon|Kindled Fury|boost\n|-boost|p2a: Flareon|spe|1\n|upkeep\n|\n|t:|1789676117\n|switch|p1a: Spiritomb|Spiritomb|36/100 brn\n|-end|p2a: Flareon|Dynamax\n|-heal|p2a: Flareon|70/100 brn|[silent]\n|turn|24\n|\n|t:|1789676121\n|move|p2a: Flareon|Flare Blitz|p1a: Spiritomb\n|-ability|p1a: Spiritomb|Keystone Legion\n|-message|The spirits of the keystone shield Spiritomb!\n|-start|p2a: Flareon|Curse|[of] p1a: Spiritomb\n|-damage|p1a: Spiritomb|1/100 brn\n|-damage|p2a: Flareon|54/100 brn|[from] Recoil\n|move|p1a: Spiritomb|Soul Toll|p2a: Flareon\n|-damage|p2a: Flareon|0 fnt\n|-heal|p1a: Spiritomb|20/100 brn|[from] drain|[of] p2a: Flareon\n|faint|p2a: Flareon\n|-message|A soul joins the legion. Spiritomb's keystone mends!\n|\n|-heal|p1a: Spiritomb|26/100 brn|[from] item: Leftovers\n|-damage|p1a: Spiritomb|20/100 brn|[from] brn\n|upkeep\n|\n|t:|1789676126\n|switch|p2a: Heatran|Heatran|100/100\n|turn|25\n|\n|t:|1789676128\n|detailschange|p2a: Heatran|Heatran-Mega\n|-mega|p2a: Heatran|Heatran|Heatranite\n|move|p2a: Heatran|Toxic||[still]\n|-fail|p2a: Heatran\n|move|p1a: Spiritomb|Soul Toll|p2a: Heatran\n|-damage|p2a: Heatran|86/100\n|\n|-heal|p1a: Spiritomb|26/100 brn|[from] item: Leftovers\n|-damage|p1a: Spiritomb|20/100 brn|[from] brn\n|upkeep\n|turn|26\n|\n|t:|1789676134\n|move|p2a: Heatran|Stealth Rock|p1a: Spiritomb\n|-sidestart|p1: Bunny Stockfish|move: Stealth Rock\n|move|p1a: Spiritomb|Strength Sap|p2a: Heatran\n|-unboost|p2a: Heatran|atk|1\n|-heal|p1a: Spiritomb|79/100 brn\n|\n|-heal|p1a: Spiritomb|85/100 brn|[from] item: Leftovers\n|-damage|p1a: Spiritomb|79/100 brn|[from] brn\n|upkeep\n|turn|27\n|\n|t:|1789676136\n|move|p2a: Heatran|Earth Power|p1a: Spiritomb\n|-crit|p1a: Spiritomb\n|-damage|p1a: Spiritomb|47/100 brn\n|move|p1a: Spiritomb|Soul Toll|p2a: Heatran\n|-damage|p2a: Heatran|72/100\n|\n|-heal|p1a: Spiritomb|53/100 brn|[from] item: Leftovers\n|-damage|p1a: Spiritomb|47/100 brn|[from] brn\n|upkeep\n|turn|28\n|\n|t:|1789676140\n|move|p2a: Heatran|Earth Power|p1a: Spiritomb\n|-damage|p1a: Spiritomb|27/100 brn\n|move|p1a: Spiritomb|Soul Toll|p2a: Heatran\n|-damage|p2a: Heatran|58/100\n|\n|-heal|p1a: Spiritomb|33/100 brn|[from] item: Leftovers\n|-damage|p1a: Spiritomb|27/100 brn|[from] brn\n|upkeep\n|turn|29\n|\n|t:|1789676142\n|move|p2a: Heatran|Earth Power|p1a: Spiritomb\n|-damage|p1a: Spiritomb|6/100 brn\n|move|p1a: Spiritomb|Soul Toll|p2a: Heatran\n|-damage|p2a: Heatran|44/100\n|\n|-heal|p1a: Spiritomb|12/100 brn|[from] item: Leftovers\n|-damage|p1a: Spiritomb|6/100 brn|[from] brn\n|upkeep\n|turn|30\n|\n|t:|1789676147\n|switch|p2a: Vaporeon|Vaporeon|93/100\n|move|p1a: Spiritomb|Soul Toll|p2a: Vaporeon\n|-damage|p2a: Vaporeon|70/100\n|\n|-heal|p1a: Spiritomb|12/100 brn|[from] item: Leftovers\n|-damage|p1a: Spiritomb|6/100 brn|[from] brn\n|upkeep\n|turn|31\n|\n|t:|1789676149\n|move|p2a: Vaporeon|Wish|p2a: Vaporeon\n|move|p1a: Spiritomb|Soul Toll|p2a: Vaporeon\n|-damage|p2a: Vaporeon|48/100\n|\n|-heal|p1a: Spiritomb|12/100 brn|[from] item: Leftovers\n|-damage|p1a: Spiritomb|6/100 brn|[from] brn\n|upkeep\n|turn|32\n|\n|t:|1789676151\n|move|p2a: Vaporeon|Flip Turn|p1a: Spiritomb\n|-ability|p1a: Spiritomb|Keystone Legion\n|-message|The spirits of the keystone shield Spiritomb!\n|-start|p2a: Vaporeon|Curse|[of] p1a: Spiritomb\n|-damage|p1a: Spiritomb|1/100 brn\n|\n|t:|1789676154\n|switch|p2a: Heatran|Heatran-Mega|44/100|[from] Flip Turn\n|move|p1a: Spiritomb|Soul Toll|p2a: Heatran\n|-damage|p2a: Heatran|28/100\n|\n|-heal|p2a: Heatran|89/100|[from] move: Wish|[wisher] Vaporeon\n|-heal|p1a: Spiritomb|7/100 brn|[from] item: Leftovers\n|-damage|p1a: Spiritomb|1/100 brn|[from] brn\n|upkeep\n|turn|33\n|\n|t:|1789676163\n|move|p2a: Heatran|Earth Power|p1a: Spiritomb\n|-damage|p1a: Spiritomb|0 fnt\n|faint|p1a: Spiritomb\n|\n|upkeep\n|\n|t:|1789676163\n|switch|p1a: Ninetales|Ninetales|11/100\n|-damage|p1a: Ninetales|0 fnt|[from] Stealth Rock\n|faint|p1a: Ninetales\n|\n|win|SlimeQueenSamantha\n|raw|Bunny Stockfish's rating: 1428 &rarr; <strong>1414</strong><br />(-14 for losing)\n|raw|SlimeQueenSamantha's rating: 1539 &rarr; <strong>1552</strong><br />(+13 for winning)\n|l|☆Bunny Stockfish\n|player|p1|\n",
	"inputlog": ">start {\"formatid\":\"gen9rpou\",\"seed\":\"sodium,09e69520eb5dd65f6f45f932cb854fd3\",\"rated\":\"Rated battle\"}\n>player p1 {\"name\":\"Bunny Stockfish\",\"avatar\":\"bunny.png\",\"team\":\"Ninetales||HeatRock|Drought|WeatherBall,Encore,HealingWish,WillOWisp|Timid|,,4,252,,252|N|,0,,,,|||,,,,,Flying]Simipour||ChoiceScarf|TidalSurge|TorrentRush,Uturn,FlipTurn,Liquidation|Jolly|,252,,,4,252|N||||,,,,,Water]Spiritomb||Leftovers|KeystoneLegion|SoulToll,StrengthSap,WillOWisp,CarrionFeast|Calm|252,,4,,252,|N||||,,,,,Fairy]Enamorus||ChoiceScarf|Contrary|Moonblast,EarthPower,MysticalFire,HealingWish|Modest|,,,252,4,252|N||||,,,,,Ground]Landorus|LandorusTherian|RockyHelmet|Intimidate|StealthRock,Earthquake,Uturn,Taunt|Jolly|252,,4,,,252|N||||,,,,,Water]Hatterene||FocusSash|MagicBounce|TrickRoom,PsychicNoise,DazzlingGleam,HealingWish|Quiet|252,,4,252,,|N|,0,,,,0|||,,,G,,Steel\",\"rating\":1428}\n>player p2 {\"name\":\"SlimeQueenSamantha\",\"avatar\":\"queen.png\",\"team\":\"Flareon||Leftovers|KindledFury|SwordsDance,FlareBlitz,Facade,Protect|Jolly|4,252,,,,252|N||||,,,,,Fire]Landorus|LandorusTherian|Leftovers|Intimidate|Uturn,Earthquake,Defog,KnockOff|Careful|248,8,,,252,|M||||,,,,,Ground]Heatran||Heatranite|FlashFire|MagmaStorm,EarthPower,Toxic,StealthRock|Calm|248,,8,,252,|N|,0,,,,|||,,,,,Fire]Vaporeon||HeavyDutyBoots|LiquidBody|Wish,FlipTurn,Protect,Toxic|Impish|252,,252,,4,|N||||,,,,,Water]Simisear||ElementalBanana|SolarSurge|CinderRush,Uturn,SwordsDance,CloseCombat|Adamant|,252,,,,252|N||||,,,,,Fire]Spiritomb||Leftovers|KeystoneLegion|SoulToll,StrengthSap,PartingShot,WillOWisp|Careful|252,4,,,252,|N||||,,,,,Ghost\",\"rating\":1539}\n>chat ☆Bunny Stockfish|Good luck! Playing on **stockfish**.\n>p1 team 5, 2, 1, 4, 3, 6\n>p2 team 5, 2, 3, 4, 1, 6\n>p1 move earthquake terastallize\n>p2 move uturn\n>p2 switch 4\n>p1 move earthquake\n>p2 move wish\n>p1 move earthquake\n>p2 move protect\n>p1 move earthquake\n>p2 switch 2\n>p1 move stealthrock\n>p2 move uturn\n>p2 switch 6\n>p1 switch 5\n>p2 move willowisp\n>p1 move willowisp\n>p2 move partingshot\n>p2 switch 6\n>p1 move willowisp\n>p2 move defog\n>p1 switch 2\n>p2 move earthquake\n>p1 switch 4\n>p2 switch 2\n>p1 move moonblast\n>p2 move flipturn\n>p2 switch 4\n>p1 switch 3\n>p2 move cinderrush\n>p1 switch 2\n>p2 move cinderrush\n>p1 switch 6\n>p2 move cinderrush\n>p1 switch 5\n>p2 move cinderrush\n>p1 move earthquake\n>p2 move uturn\n>p2 switch 2\n>p1 move uturn\n>p2 move uturn\n>p1 switch 4\n>p2 switch 2\n>p1 move liquidation\n>p2 move cinderrush\n>p1 switch 3\n>p1 move earthpower dynamax\n>p2 move cinderrush\n>p2 switch 5\n>p1 move earthpower dynamax\n>p2 move protect\n>p1 move earthpower dynamax\n>p2 move flareblitz dynamax\n>p1 switch 4\n>p1 move earthquake\n>p2 move facade dynamax\n>p1 switch 5\n>p1 move psychicnoise\n>p2 move facade dynamax\n>p1 switch 6\n>p1 move soultoll\n>p2 move flareblitz\n>p2 switch 3\n>p1 move soultoll\n>p2 move toxic mega\n>p1 move strengthsap\n>p2 move stealthrock\n>p1 move soultoll\n>p2 move earthpower\n>p1 move soultoll\n>p2 move earthpower\n>p1 move soultoll\n>p2 move earthpower\n>p1 move soultoll\n>p2 switch 4\n>p1 move soultoll\n>p2 move wish\n>p1 move soultoll\n>p2 move flipturn\n>p2 switch 4\n>p1 move soultoll\n>p2 move earthpower\n>p1 switch 2",
	"uploadtime": 1789676168
}