{
	"id": "gen9rpou-2-tlj90j",
	"format": "[Gen 9] RP OU",
	"players": [
		"TheRealWhimsicott",
		"Bunny Stockfish"
	],
	"rating": null,
	"log": "|j|☆TheRealWhimsicott\n|j|☆Bunny Stockfish\n|t:|1789761086\n|gametype|singles\n|badge|p1|silver|gen9rpou|2-2\n|badge|p2|bronze|gen9rpou|3-3\n|player|p1|TheRealWhimsicott|266|1384\n|player|p2|Bunny Stockfish|bunny.png|1332\n|gen|9\n|tier|[Gen 9] RP OU\n|rated|\n|rule|HP Percentage Mod: HP is shown in percentages\n|rule|Endless Battle Clause: Forcing endless battles is banned\n|rule|Species Clause: Limit one of each Pokémon\n|rule|OHKO Clause: OHKO moves are banned\n|rule|Evasion Clause: Evasion abilities, items, and moves are banned\n|rule|Evasion Abilities Clause: Evasion abilities are banned\n|rule|Evasion Items Clause: Evasion items are banned\n|rule|Evasion Moves Clause: Evasion moves are banned\n|rule|Sleep Clause Mod: Limit one foe put to sleep\n|clearpoke\n|poke|p1|Kingambit|\n|poke|p1|Haxorus|\n|poke|p1|Pawmot|\n|poke|p1|Glaceon|\n|poke|p1|Tapu Koko|\n|poke|p1|Corviknight|\n|poke|p2|Clodsire|\n|poke|p2|Landorus-Therian|\n|poke|p2|Corviknight|\n|poke|p2|Spiritomb|\n|poke|p2|Lucario|\n|poke|p2|Roserade|\n|teampreview\n|c|☆Bunny Stockfish|Good luck! Playing on **stockfish**.\n|\n|t:|1789761093\n|teamsize|p1|6\n|teamsize|p2|6\n|start\n|switch|p1a: Glaceon|Glaceon|100/100\n|switch|p2a: Landorus|Landorus-Therian|100/100\n|-ability|p2a: Landorus|Intimidate|boost\n|-unboost|p1a: Glaceon|atk|1\n|-weather|Snowscape|[from] ability: Diamond Dust|[of] p1a: Glaceon\n|turn|1\n|\n|t:|1789761096\n|switch|p2a: Lucario|Lucario|100/100\n|move|p1a: Glaceon|Blizzard|p2a: Lucario\n|-resisted|p2a: Lucario\n|-damage|p2a: Lucario|19/100\n|\n|-weather|Snowscape|[upkeep]\n|upkeep\n|turn|2\n|\n|t:|1789761098\n|move|p1a: Glaceon|Blizzard|p2a: Lucario\n|-resisted|p2a: Lucario\n|-damage|p2a: Lucario|0 fnt\n|faint|p2a: Lucario\n|\n|-weather|Snowscape|[upkeep]\n|upkeep\n|\n|t:|1789761099\n|switch|p2a: Corviknight|Corviknight|100/100\n|turn|3\n|\n|t:|1789761100\n|move|p1a: Glaceon|Blizzard|p2a: Corviknight\n|-damage|p2a: Corviknight|6/100\n|move|p2a: Corviknight|Brave Bird|p1a: Glaceon\n|-damage|p1a: Glaceon|73/100\n|-damage|p2a: Corviknight|0 fnt|[from] Recoil\n|faint|p2a: Corviknight\n|\n|-weather|Snowscape|[upkeep]\n|upkeep\n|\n|t:|1789761100\n|switch|p2a: Spiritomb|Spiritomb|100/100\n|turn|4\n|\n|t:|1789761102\n|move|p1a: Glaceon|Blizzard|p2a: Spiritomb\n|-damage|p2a: Spiritomb|48/100\n|move|p2a: Spiritomb|Soul Toll|p1a: Glaceon\n|-damage|p1a: Glaceon|36/100\n|\n|-weather|Snowscape|[upkeep]\n|-heal|p2a: Spiritomb|54/100|[from] item: Leftovers\n|upkeep\n|turn|5\n|\n|t:|1789761104\n|-start|p2a: Spiritomb|Dynamax|\n|-heal|p2a: Spiritomb|54/100|[silent]\n|move|p1a: Glaceon|Blizzard|p2a: Spiritomb\n|-damage|p2a: Spiritomb|26/100\n|move|p2a: Spiritomb|Max Phantasm|p1a: Glaceon\n|-damage|p1a: Glaceon|7/100\n|-unboost|p1a: Glaceon|def|1\n|\n|-weather|none\n|-heal|p2a: Spiritomb|29/100|[from] item: Leftovers\n|upkeep\n|turn|6\n|\n|t:|1789761112\n|move|p1a: Glaceon|Blizzard|p2a: Spiritomb\n|-ability|p2a: Spiritomb|Keystone Legion\n|-message|The spirits of the keystone shield Spiritomb!\n|-start|p1a: Glaceon|Curse|[of] p2a: Spiritomb\n|-damage|p2a: Spiritomb|1/100\n|move|p2a: Spiritomb|Max Phantasm|p1a: Glaceon\n|-damage|p1a: Glaceon|0 fnt\n|faint|p1a: Glaceon\n|-message|A soul joins the legion. Spiritomb's keystone mends!\n|\n|-heal|p2a: Spiritomb|4/100|[from] item: Leftovers\n|upkeep\n|\n|t:|1789761115\n|switch|p1a: Haxorus|Haxorus|100/100\n|-ability|p1a: Haxorus|Mold Breaker\n|turn|7\n|\n|t:|1789761117\n|move|p1a: Haxorus|Hone Claws|p1a: Haxorus\n|-boost|p1a: Haxorus|atk|1\n|-boost|p1a: Haxorus|accuracy|1\n|move|p2a: Spiritomb|Max Phantasm|p1a: Haxorus\n|-crit|p1a: Haxorus\n|-damage|p1a: Haxorus|31/100\n|-unboost|p1a: Haxorus|def|1\n|\n|-heal|p2a: Spiritomb|7/100|[from] item: Leftovers\n|upkeep\n|-end|p2a: Spiritomb|Dynamax\n|-heal|p2a: Spiritomb|7/100|[silent]\n|turn|8\n|\n|t:|1789761118\n|move|p1a: Haxorus|Scale Shot|p2a: Spiritomb\n|-damage|p2a: Spiritomb|0 fnt\n|faint|p2a: Spiritomb\n|-hitcount|p2: Spiritomb|1\n|-unboost|p1a: Haxorus|def|1\n|-boost|p1a: Haxorus|spe|1\n|\n|upkeep\n|\n|t:|1789761118\n|switch|p2a: Landorus|Landorus-Therian|100/100\n|-ability|p2a: Landorus|Intimidate|boost\n|-unboost|p1a: Haxorus|atk|1\n|turn|9\n|\n|t:|1789761124\n|move|p1a: Haxorus|Scale Shot|p2a: Landorus\n|-damage|p2a: Landorus|83/100\n|-damage|p2a: Landorus|65/100\n|-damage|p2a: Landorus|47/100\n|-damage|p2a: Landorus|30/100\n|-hitcount|p2a: Landorus|4\n|-unboost|p1a: Haxorus|def|1\n|-boost|p1a: Haxorus|spe|1\n|move|p2a: Landorus|Earthquake|p1a: Haxorus\n|-damage|p1a: Haxorus|0 fnt\n|faint|p1a: Haxorus\n|\n|upkeep\n|\n|t:|1789761132\n|switch|p1a: Kingambit|Kingambit|100/100\n|-activate|p1a: Kingambit|ability: Supreme Overlord\n|-start|p1a: Kingambit|fallen2|[silent]\n|turn|10\n|\n|t:|1789761134\n|-terastallize|p1a: Kingambit|Dark\n|move|p1a: Kingambit|Sucker Punch|p2a: Landorus\n|-damage|p2a: Landorus|0 fnt\n|-damage|p1a: Kingambit|84/100|[from] item: Rocky Helmet|[of] p2a: Landorus\n|faint|p2a: Landorus\n|\n|upkeep\n|\n|t:|1789761135\n|switch|p2a: Clodsire|Clodsire|100/100\n|turn|11\n|\n|t:|1789761136\n|move|p1a: Kingambit|Sucker Punch|p2a: Clodsire\n|-damage|p2a: Clodsire|18/100\n|move|p2a: Clodsire|Earthquake|p1a: Kingambit\n|-damage|p1a: Kingambit|64/100\n|\n|upkeep\n|turn|12\n|\n|t:|1789761137\n|move|p1a: Kingambit|Sucker Punch|p2a: Clodsire\n|-damage|p2a: Clodsire|0 fnt\n|faint|p2a: Clodsire\n|\n|upkeep\n|\n|t:|1789761137\n|switch|p2a: Roserade|Roserade|100/100\n|-ability|p2a: Roserade|Masquerade\n|-start|p1a: Kingambit|move: Taunt\n|turn|13\n|\n|t:|1789761138\n|-terastallize|p2a: Roserade|Grass\n|move|p1a: Kingambit|Sucker Punch|p2a: Roserade\n|-enditem|p2a: Roserade|Focus Sash\n|-damage|p2a: Roserade|1/100\n|move|p2a: Roserade|Thorned Bouquet|p1a: Kingambit\n|-damage|p1a: Kingambit|0 fnt\n|-heal|p2a: Roserade|45/100|[from] drain|[of] p1a: Kingambit\n|faint|p1a: Kingambit\n|-end|p1a: Kingambit|fallen2|[silent]\n|\n|upkeep\n|\n|t:|1789761140\n|switch|p1a: Pawmot|Pawmot|100/100\n|turn|14\n|\n|t:|1789761143\n|-start|p1a: Pawmot|Dynamax|\n|-heal|p1a: Pawmot|100/100|[silent]\n|move|p1a: Pawmot|Max Knuckle|p2a: Roserade\n|-crit|p2a: Roserade\n|-damage|p2a: Roserade|0 fnt\n|-boost|p1a: Pawmot|atk|1\n|faint|p2a: Roserade\n|\n|win|TheRealWhimsicott\n",
	"inputlog": ">start {\"formatid\":\"gen9rpou\",\"seed\":\"sodium,9a8a1ec110b5a339e51875d85823c9af\",\"rated\":\"Rated battle\"}\n>player p1 {\"name\":\"TheRealWhimsicott\",\"avatar\":\"266\",\"team\":\"Kingambit||BlackGlasses|SupremeOverlord|KnockOff,IronHead,SuckerPunch,SwordsDance|Adamant|252,252,,,4,|N||||,,,,,Dark]Haxorus||LoadedDice|MoldBreaker|HoneClaws,ScaleShot,Earthquake,IronHead|Jolly|4,252,,,,252|N||||,,,,,Steel]Pawmot||ChoiceBand|IronFist|RevivalBlessing,SparkScamper,CloseCombat,DoubleShock|Jolly|4,252,,,,252|N||||,,,,,Electric]Glaceon||ChoiceSpecs|DiamondDust|EarthPower,FreezeDry,FocusBlast,Blizzard|Modest|,,,252,4,252|N|,0,,,,|||,,,,,Ice]Tapu Koko||TerrainExtender|ElectricSurge|Uturn,BraveBird,Thunderbolt,DazzlingGleam|Timid|4,,,252,,252|N||||,,,,,Electric]Corviknight||Leftovers|Pressure|Roost,Uturn,Protect,IronHead|Impish|252,,252,,4,|N||||,,,,,Flying\",\"rating\":1384}\n>player p2 {\"name\":\"Bunny Stockfish\",\"avatar\":\"bunny.png\",\"team\":\"Clodsire||HeavyDutyBoots|Unaware|Earthquake,Recover,PoisonJab,Amnesia|Careful|248,,8,,252,|N||||,,,,,Steel]Landorus|LandorusTherian|RockyHelmet|Intimidate|StealthRock,Earthquake,StoneEdge,Uturn|Jolly|,252,4,,,252|N||||,,,,,Water]Corviknight||RockyHelmet|MirrorArmor|BraveBird,IronDefense,Uturn,Roost|Impish|248,,252,,8,|N||||,,,G,,Fighting]Spiritomb||Leftovers|KeystoneLegion|SoulToll,StrengthSap,WillOWisp,PartingShot|Calm|252,,4,,252,|N||||,,,,,Fairy]Lucario||FocusSash|InnerFocus|AuraSphere,FlashCannon,VacuumWave,ShuffleJab|Modest|4,,,252,,252|N||||,,,,,Fighting]Roserade||FocusSash|Masquerade|ThornedBouquet,SludgeBomb,Synthesis,Spikes|Timid|,,,252,4,252|N||||,,,,,Grass\",\"rating\":1332}\n>chat ☆Bunny Stockfish|Good luck! Playing on **stockfish**.\n>p1 team 4, 2, 3, 1, 5, 6\n>p2 team 2, 6, 5, 3, 4, 1\n>p1 move blizzard\n>p2 switch 3\n>p1 move blizzard\n>p2 move aurasphere\n>p2 switch 4\n>p1 move blizzard\n>p2 move bravebird\n>p2 switch 5\n>p1 move blizzard\n>p2 move soultoll\n>p1 move blizzard\n>p2 move soultoll dynamax\n>p1 move blizzard\n>p2 move soultoll dynamax\n>p1 switch 2\n>p1 move honeclaws\n>p2 move soultoll dynamax\n>p1 move scaleshot\n>p2 move soultoll\n>p2 switch 3\n>p1 move scaleshot\n>p2 move earthquake\n>p1 switch 4\n>p1 move suckerpunch terastallize\n>p2 move earthquake\n>p2 switch 6\n>p1 move suckerpunch\n>p2 move earthquake\n>p1 move suckerpunch\n>p2 move earthquake\n>p2 switch 2\n>p1 move suckerpunch\n>p2 move thornedbouquet terastallize\n>p1 switch 3\n>p1 move closecombat dynamax\n>p2 move thornedbouquet",
	"uploadtime": 1789761143
}