{
	"id": "gen9rpou-19-tliry4",
	"format": "[Gen 9] RP OU",
	"players": [
		"Bunny Stockfish",
		"SlimeQueenSamantha"
	],
	"rating": null,
	"log": "|j|☆Bunny Stockfish\n|j|☆SlimeQueenSamantha\n|t:|1789669308\n|gametype|singles\n|player|p1|Bunny Stockfish|bunny.png|1332\n|player|p2|SlimeQueenSamantha|queen.png|1608\n|gen|9\n|tier|[Gen 9] RP OU\n|rated|\n|rule|HP Percentage Mod: HP is shown in percentages\n|rule|Endless Battle Clause: Forcing endless battles is banned\n|rule|Species Clause: Limit one of each Pokémon\n|rule|OHKO Clause: OHKO moves are banned\n|rule|Evasion Clause: Evasion abilities, items, and moves are banned\n|rule|Evasion Abilities Clause: Evasion abilities are banned\n|rule|Evasion Items Clause: Evasion items are banned\n|rule|Evasion Moves Clause: Evasion moves are banned\n|rule|Sleep Clause Mod: Limit one foe put to sleep\n|clearpoke\n|poke|p1|Torkoal|\n|poke|p1|Kingambit|\n|poke|p1|Rotom-Wash|\n|poke|p1|Hawlucha|\n|poke|p1|Raging Bolt|\n|poke|p1|Great Tusk|\n|poke|p2|Spiritomb|\n|poke|p2|Glaceon|\n|poke|p2|Garchomp|\n|poke|p2|Roserade|\n|poke|p2|Togekiss|\n|poke|p2|Lucario|\n|teampreview\n|c|☆Bunny Stockfish|Good luck! Playing on **stockfish**.\n|\n|t:|1789669352\n|teamsize|p1|6\n|teamsize|p2|6\n|start\n|switch|p1a: Hawlucha|Hawlucha|100/100\n|switch|p2a: Garchomp|Garchomp|100/100\n|turn|1\n|\n|t:|1789669354\n|detailschange|p1a: Hawlucha|Hawlucha-Mega\n|-mega|p1a: Hawlucha|Hawlucha|Hawluchanite\n|move|p1a: Hawlucha|Swords Dance|p1a: Hawlucha\n|-boost|p1a: Hawlucha|atk|2\n|move|p2a: Garchomp|Dragon Tail|p1a: Hawlucha\n|-damage|p1a: Hawlucha|71/100\n|drag|p1a: Torkoal|Torkoal|100/100\n|-weather|SunnyDay|[from] ability: Drought|[of] p1a: Torkoal\n|\n|-weather|SunnyDay|[upkeep]\n|upkeep\n|turn|2\n|\n|t:|1789669358\n|move|p2a: Garchomp|Stealth Rock|p1a: Torkoal\n|-sidestart|p1: Bunny Stockfish|move: Stealth Rock\n|move|p1a: Torkoal|Stealth Rock|p2a: Garchomp\n|-sidestart|p2: SlimeQueenSamantha|move: Stealth Rock\n|\n|-weather|SunnyDay|[upkeep]\n|upkeep\n|turn|3\n|\n|t:|1789669361\n|move|p2a: Garchomp|Spikes|p1a: Torkoal\n|-sidestart|p1: Bunny Stockfish|Spikes\n|move|p1a: Torkoal|Will-O-Wisp|p2a: Garchomp\n|-status|p2a: Garchomp|brn\n|\n|-weather|SunnyDay|[upkeep]\n|-damage|p2a: Garchomp|94/100 brn|[from] brn\n|upkeep\n|turn|4\n|\n|t:|1789669364\n|switch|p1a: Raging Bolt|Raging Bolt|100/100\n|-damage|p1a: Raging Bolt|88/100|[from] Stealth Rock\n|-damage|p1a: Raging Bolt|76/100|[from] Spikes\n|-activate|p1a: Raging Bolt|ability: Protosynthesis\n|-start|p1a: Raging Bolt|protosynthesisspa\n|move|p2a: Garchomp|Spikes|p1a: Raging Bolt\n|-sidestart|p1: Bunny Stockfish|Spikes\n|\n|-weather|SunnyDay|[upkeep]\n|-damage|p2a: Garchomp|88/100 brn|[from] brn\n|upkeep\n|turn|5\n|\n|t:|1789669366\n|-terastallize|p1a: Raging Bolt|Fairy\n|move|p2a: Garchomp|Earthquake|p1a: Raging Bolt\n|-damage|p1a: Raging Bolt|55/100\n|move|p1a: Raging Bolt|Draco Meteor|p2a: Garchomp\n|-supereffective|p2a: Garchomp\n|-damage|p2a: Garchomp|0 fnt\n|-unboost|p1a: Raging Bolt|spa|2\n|faint|p2a: Garchomp\n|-damage|p1a: Raging Bolt|45/100|[from] item: Life Orb\n|\n|-weather|SunnyDay|[upkeep]\n|upkeep\n|\n|t:|1789669371\n|switch|p2a: Lucario|Lucario|100/100\n|-damage|p2a: Lucario|98/100|[from] Stealth Rock\n|turn|6\n|\n|t:|1789669374\n|-end|p1a: Raging Bolt|Protosynthesis|[silent]\n|switch|p1a: Hawlucha|Hawlucha-Mega|71/100\n|-damage|p1a: Hawlucha|58/100|[from] Stealth Rock\n|detailschange|p2a: Lucario|Lucario-Mega-Z\n|-mega|p2a: Lucario|Lucario|Lucarionite Z\n|move|p2a: Lucario|Flash Cannon|p1a: Hawlucha\n|-damage|p1a: Hawlucha|9/100\n|-unboost|p1a: Hawlucha|spd|1\n|\n|-weather|SunnyDay|[upkeep]\n|upkeep\n|turn|7\n|\n|t:|1789669376\n|move|p2a: Lucario|Flash Cannon|p1a: Hawlucha\n|-damage|p1a: Hawlucha|0 fnt\n|faint|p1a: Hawlucha\n|detailschange|p1: Hawlucha|Hawlucha|[silent]\n|\n|-weather|SunnyDay|[upkeep]\n|upkeep\n|\n|t:|1789669377\n|switch|p1a: Great Tusk|Great Tusk|100/100\n|-damage|p1a: Great Tusk|98/100|[from] Stealth Rock\n|-damage|p1a: Great Tusk|81/100|[from] Spikes\n|-activate|p1a: Great Tusk|ability: Protosynthesis\n|-start|p1a: Great Tusk|protosynthesisspe\n|turn|8\n|\n|t:|1789669379\n|-start|p1a: Great Tusk|Dynamax|\n|-heal|p1a: Great Tusk|81/100|[silent]\n|move|p1a: Great Tusk|Max Quake|p2a: Lucario\n|-supereffective|p2a: Lucario\n|-damage|p2a: Lucario|0 fnt\n|-boost|p1a: Great Tusk|spd|1\n|faint|p2a: Lucario\n|detailschange|p2: Lucario|Lucario|[silent]\n|\n|-weather|none\n|-end|p1a: Great Tusk|Protosynthesis\n|upkeep\n|-enditem|p1a: Great Tusk|Booster Energy\n|-activate|p1a: Great Tusk|ability: Protosynthesis|[fromitem]\n|-start|p1a: Great Tusk|protosynthesisspe\n|\n|t:|1789669385\n|switch|p2a: Togekiss|Togekiss|100/100\n|-damage|p2a: Togekiss|76/100|[from] Stealth Rock\n|turn|9\n|\n|t:|1789669386\n|move|p2a: Togekiss|Air Slash|p1a: Great Tusk|[miss]\n|-miss|p2a: Togekiss|p1a: Great Tusk\n|move|p1a: Great Tusk|Max Rockfall|p2a: Togekiss\n|-supereffective|p2a: Togekiss\n|-damage|p2a: Togekiss|0 fnt\n|-weather|Sandstorm\n|faint|p2a: Togekiss\n|\n|-weather|Sandstorm|[upkeep]\n|upkeep\n|\n|t:|1789669389\n|switch|p2a: Glaceon|Glaceon|100/100\n|-damage|p2a: Glaceon|76/100|[from] Stealth Rock\n|-weather|Snowscape|[from] ability: Diamond Dust|[of] p2a: Glaceon\n|turn|10\n|\n|t:|1789669392\n|-terastallize|p2a: Glaceon|Ice\n|move|p2a: Glaceon|Blizzard|p1a: Great Tusk\n|-supereffective|p1a: Great Tusk\n|-damage|p1a: Great Tusk|0 fnt\n|faint|p1a: Great Tusk\n|-end|p1a: Great Tusk|Protosynthesis|[silent]\n|-damage|p2a: Glaceon|66/100|[from] item: Life Orb\n|\n|-weather|Snowscape|[upkeep]\n|upkeep\n|\n|t:|1789669392\n|switch|p1a: Kingambit|Kingambit|100/100\n|-damage|p1a: Kingambit|94/100|[from] Stealth Rock\n|-damage|p1a: Kingambit|78/100|[from] Spikes\n|-activate|p1a: Kingambit|ability: Supreme Overlord\n|-start|p1a: Kingambit|fallen2|[silent]\n|turn|11\n|\n|t:|1789669396\n|move|p2a: Glaceon|Earth Power|p1a: Kingambit\n|-supereffective|p1a: Kingambit\n|-damage|p1a: Kingambit|0 fnt\n|faint|p1a: Kingambit\n|-end|p1a: Kingambit|fallen2|[silent]\n|-damage|p2a: Glaceon|56/100|[from] item: Life Orb\n|\n|-weather|Snowscape|[upkeep]\n|upkeep\n|\n|t:|1789669396\n|switch|p1a: Rotom|Rotom-Wash|100/100\n|-damage|p1a: Rotom|88/100|[from] Stealth Rock\n|turn|12\n|\n|t:|1789669399\n|move|p2a: Glaceon|Freeze-Dry|p1a: Rotom\n|-supereffective|p1a: Rotom\n|-damage|p1a: Rotom|0 fnt\n|faint|p1a: Rotom\n|-damage|p2a: Glaceon|46/100|[from] item: Life Orb\n|\n|-weather|Snowscape|[upkeep]\n|upkeep\n|\n|t:|1789669399\n|switch|p1a: Torkoal|Torkoal|100/100\n|-damage|p1a: Torkoal|76/100|[from] Stealth Rock\n|-damage|p1a: Torkoal|59/100|[from] Spikes\n|-weather|SunnyDay|[from] ability: Drought|[of] p1a: Torkoal\n|turn|13\n|\n|t:|1789669403\n|move|p2a: Glaceon|Earth Power|p1a: Torkoal\n|-supereffective|p1a: Torkoal\n|-damage|p1a: Torkoal|0 fnt\n|faint|p1a: Torkoal\n|-damage|p2a: Glaceon|36/100|[from] item: Life Orb\n|\n|-weather|SunnyDay|[upkeep]\n|upkeep\n|\n|t:|1789669403\n|switch|p1a: Raging Bolt|Raging Bolt, tera:Fairy|45/100\n|-damage|p1a: Raging Bolt|33/100|[from] Stealth Rock\n|-damage|p1a: Raging Bolt|16/100|[from] Spikes\n|-activate|p1a: Raging Bolt|ability: Protosynthesis\n|-start|p1a: Raging Bolt|protosynthesisspa\n|turn|14\n|\n|t:|1789669407\n|move|p1a: Raging Bolt|Draco Meteor|p2a: Glaceon\n|-damage|p2a: Glaceon|0 fnt\n|-unboost|p1a: Raging Bolt|spa|2\n|faint|p2a: Glaceon\n|-damage|p1a: Raging Bolt|6/100|[from] item: Life Orb\n|\n|-weather|SunnyDay|[upkeep]\n|upkeep\n|\n|t:|1789669412\n|switch|p2a: Spiritomb|Spiritomb|100/100\n|-damage|p2a: Spiritomb|88/100|[from] Stealth Rock\n|turn|15\n|\n|t:|1789669413\n|move|p1a: Raging Bolt|Thunderbolt|p2a: Spiritomb\n|-damage|p2a: Spiritomb|61/100\n|-damage|p1a: Raging Bolt|0 fnt|[from] item: Life Orb\n|faint|p1a: Raging Bolt\n|-end|p1a: Raging Bolt|Protosynthesis|[silent]\n|\n|win|SlimeQueenSamantha\n",
	"inputlog": ">start {\"formatid\":\"gen9rpou\",\"seed\":\"sodium,09a392df5a247246ece90a166e89b6e0\",\"rated\":\"Rated battle\"}\n>player p1 {\"name\":\"Bunny Stockfish\",\"avatar\":\"bunny.png\",\"team\":\"Torkoal||HeatRock|Drought|LavaPlume,RapidSpin,StealthRock,WillOWisp|Calm|248,,252,,8,|N||||,,,,,Flying]Kingambit||BlackGlasses|SupremeOverlord|SwordsDance,SuckerPunch,LowKick,IronHead|Adamant|,252,4,,,252|N||||,,,,,Fire]Rotom|RotomWash|Leftovers|Levitate|VoltSwitch,HydroPump,PainSplit,WillOWisp|Bold|252,,212,,,44|N||||,,,,,Steel]Hawlucha||Hawluchanite|Unburden|SwordsDance,Acrobatics,CloseCombat,ShuffleJab|Adamant|72,252,,,60,124|N||||,,,,,Flying]Raging Bolt||LifeOrb|Protosynthesis|Thunderclap,DracoMeteor,WeatherBall,Thunderbolt|Modest|,,4,252,,252|N|,20,,,,|||,,,,,Fairy]Great Tusk||BoosterEnergy|Protosynthesis|BulkUp,HeadlongRush,HeadSmash,Taunt|Jolly|252,4,,,,252|N||||,,,,,Ice\",\"rating\":1332}\n>player p2 {\"name\":\"SlimeQueenSamantha\",\"avatar\":\"queen.png\",\"team\":\"Spiritomb||Leftovers|KeystoneLegion|SoulToll,StrengthSap,PartingShot,WillOWisp|Calm|252,,4,,252,|N||||,,,,,Fairy]Glaceon||LifeOrb|DiamondDust|Blizzard,FreezeDry,AuroraVeil,EarthPower|Modest|,,4,252,,252|N|,0,,,,|||,,,,,Ice]Garchomp||RockyHelmet|RoughSkin|Earthquake,DragonTail,StealthRock,Spikes|Impish|252,,216,,,40|N||||,,,,,Ghost]Roserade||HeavyDutyBoots|Masquerade|ThornedBouquet,Oxidize,NastyPlot,MortalSpin|Timid|,,,252,4,252|N||||,,,,,Water]Togekiss||ChoiceScarf|SereneGrace|AirSlash,Uturn,AlluringVoice,Flamethrower|Timid|,,,252,4,252|N||||,,,,,Flying]Lucario||LucarioniteZ|Steadfast|NastyPlot,AuraSphere,FlashCannon,HiddenPowerIce|Timid|,,,252,,252|N|,0,,,,|||,Ice,,,,Ghost\",\"rating\":1608}\n>chat ☆Bunny Stockfish|Good luck! Playing on **stockfish**.\n>p1 team 4, 6, 5, 3, 2, 1\n>p2 team 3, 2, 1, 4, 5, 6\n>p1 move swordsdance mega\n>p2 move dragontail\n>p1 move stealthrock\n>p2 move stealthrock\n>p1 move willowisp\n>p2 move spikes\n>p1 switch 3\n>p2 move spikes\n>p1 move dracometeor terastallize\n>p2 move earthquake\n>p2 switch 6\n>p1 switch 6\n>p2 move flashcannon mega\n>p1 move closecombat\n>p2 move flashcannon\n>p1 switch 2\n>p1 move headlongrush dynamax\n>p2 move hiddenpower\n>p2 switch 5\n>p1 move headsmash dynamax\n>p2 move airslash\n>p2 switch 2\n>p1 move headsmash dynamax\n>p2 move blizzard terastallize\n>p1 switch 5\n>p1 move ironhead\n>p2 move earthpower\n>p1 switch 4\n>p1 move hydropump\n>p2 move freezedry\n>p1 switch 3\n>p1 move lavaplume\n>p2 move earthpower\n>p1 switch 6\n>p1 move dracometeor\n>p2 move freezedry\n>p2 switch 3\n>p1 move thunderbolt\n>p2 move soultoll",
	"uploadtime": 1789669413
}