{
	"id": "gen9rpou-7-tm5heg",
	"format": "[Gen 9] RP OU",
	"players": [
		"Bunny Stockfish",
		"SlimeQueenSamantha"
	],
	"rating": null,
	"log": "|j|☆Bunny Stockfish\n|j|☆SlimeQueenSamantha\n|t:|1790730761\n|gametype|singles\n|badge|p1|bronze|gen9rpou|3-3\n|badge|p2|silver|gen9rpou|2-2\n|player|p1|Bunny Stockfish|bunny.png|1332\n|player|p2|SlimeQueenSamantha|queen.png|1468\n|gen|9\n|tier|[Gen 9] RP OU\n|rated|\n|rule|HP Percentage Mod: HP is shown in percentages\n|rule|Endless Battle Clause: Forcing endless battles is banned\n|rule|Species Clause: Limit one of each Pokémon\n|rule|OHKO Clause: OHKO moves are banned\n|rule|Evasion Clause: Evasion abilities, items, and moves are banned\n|rule|Evasion Abilities Clause: Evasion abilities are banned\n|rule|Evasion Items Clause: Evasion items are banned\n|rule|Evasion Moves Clause: Evasion moves are banned\n|rule|Sleep Clause Mod: Limit one foe put to sleep\n|clearpoke\n|poke|p1|Banette|\n|poke|p1|Dragapult|\n|poke|p1|Blissey|\n|poke|p1|Clefable|\n|poke|p1|Gliscor|\n|poke|p1|Empoleon|\n|poke|p2|Lugia|\n|poke|p2|Blissey|\n|poke|p2|Registeel|\n|poke|p2|Umbreon|\n|poke|p2|Spiritomb|\n|poke|p2|Clodsire|\n|teampreview\n|c|☆Bunny Stockfish|Good luck! Playing on **stockfish**.\n|\n|t:|1790730769\n|teamsize|p1|6\n|teamsize|p2|6\n|start\n|switch|p1a: Gliscor|Gliscor|100/100\n|switch|p2a: Umbreon|Umbreon|100/100\n|turn|1\n|\n|t:|1790730771\n|move|p1a: Gliscor|Stealth Rock|p2a: Umbreon\n|-sidestart|p2: SlimeQueenSamantha|move: Stealth Rock\n|move|p2a: Umbreon|Knock Off|p1a: Gliscor\n|-damage|p1a: Gliscor|82/100\n|-enditem|p1a: Gliscor|Toxic Orb|[from] move: Knock Off|[of] p2a: Umbreon\n|\n|upkeep\n|turn|2\n|\n|t:|1790730777\n|move|p1a: Gliscor|Earthquake|p2a: Umbreon\n|-damage|p2a: Umbreon|75/100\n|move|p2a: Umbreon|Wish|p2a: Umbreon\n|\n|-heal|p2a: Umbreon|81/100|[from] item: Leftovers\n|upkeep\n|turn|3\n|\n|t:|1790730779\n|move|p1a: Gliscor|Earthquake|p2a: Umbreon\n|-damage|p2a: Umbreon|53/100\n|move|p2a: Umbreon|Teleport|p2a: Umbreon\n|\n|t:|1790730785\n|switch|p2a: Lugia|Lugia|100/100|[from] Teleport\n|\n|upkeep\n|turn|4\n|\n|t:|1790730788\n|switch|p1a: Banette|Banette|100/100\n|move|p2a: Lugia|Calm Mind|p2a: Lugia\n|-boost|p2a: Lugia|spa|1\n|-boost|p2a: Lugia|spd|1\n|\n|upkeep\n|turn|5\n|\n|t:|1790730793\n|switch|p2a: Umbreon|Umbreon|53/100\n|-damage|p2a: Umbreon|40/100|[from] Stealth Rock\n|detailschange|p1a: Banette|Banette-Mega\n|-mega|p1a: Banette|Banette|Banettite\n|move|p1a: Banette|Swords Dance|p1a: Banette\n|-boost|p1a: Banette|atk|2\n|\n|-heal|p2a: Umbreon|46/100|[from] item: Leftovers\n|upkeep\n|turn|6\n|\n|t:|1790730799\n|move|p1a: Banette|Poltergeist|p2a: Umbreon\n|-activate|p2a: Umbreon|move: Poltergeist|Leftovers\n|-resisted|p2a: Umbreon\n|-damage|p2a: Umbreon|0 fnt\n|faint|p2a: Umbreon\n|\n|upkeep\n|\n|t:|1790730803\n|switch|p2a: Registeel|Registeel|100/100\n|-damage|p2a: Registeel|94/100|[from] Stealth Rock\n|turn|7\n|\n|t:|1790730804\n|move|p1a: Banette|Thunder Wave|p2a: Registeel\n|-status|p2a: Registeel|par\n|move|p2a: Registeel|Iron Defense|p2a: Registeel\n|-boost|p2a: Registeel|def|2\n|\n|-heal|p2a: Registeel|100/100 par|[from] item: Leftovers\n|upkeep\n|turn|8\n|\n|t:|1790730806\n|move|p1a: Banette|Swords Dance|p1a: Banette\n|-boost|p1a: Banette|atk|2\n|cant|p2a: Registeel|par\n|\n|upkeep\n|turn|9\n|\n|t:|1790730807\n|move|p1a: Banette|Poltergeist|p2a: Registeel|[miss]\n|-miss|p1a: Banette|p2a: Registeel\n|move|p2a: Registeel|Iron Defense|p2a: Registeel\n|-boost|p2a: Registeel|def|2\n|\n|upkeep\n|turn|10\n|\n|t:|1790730809\n|move|p1a: Banette|Poltergeist|p2a: Registeel\n|-activate|p2a: Registeel|move: Poltergeist|Leftovers\n|-damage|p2a: Registeel|83/100 par\n|move|p2a: Registeel|Iron Defense|p2a: Registeel\n|-boost|p2a: Registeel|def|2\n|\n|-heal|p2a: Registeel|89/100 par|[from] item: Leftovers\n|upkeep\n|turn|11\n|\n|t:|1790730812\n|move|p1a: Banette|Poltergeist|p2a: Registeel|[miss]\n|-miss|p1a: Banette|p2a: Registeel\n|cant|p2a: Registeel|par\n|\n|-heal|p2a: Registeel|95/100 par|[from] item: Leftovers\n|upkeep\n|turn|12\n|\n|t:|1790730814\n|move|p1a: Banette|Poltergeist|p2a: Registeel\n|-activate|p2a: Registeel|move: Poltergeist|Leftovers\n|-damage|p2a: Registeel|82/100 par\n|move|p2a: Registeel|Amnesia|p2a: Registeel\n|-boost|p2a: Registeel|spd|2\n|\n|-heal|p2a: Registeel|88/100 par|[from] item: Leftovers\n|upkeep\n|turn|13\n|\n|t:|1790730816\n|move|p1a: Banette|Poltergeist|p2a: Registeel\n|-activate|p2a: Registeel|move: Poltergeist|Leftovers\n|-damage|p2a: Registeel|75/100 par\n|cant|p2a: Registeel|par\n|\n|-heal|p2a: Registeel|81/100 par|[from] item: Leftovers\n|upkeep\n|turn|14\n|\n|t:|1790730817\n|move|p1a: Banette|Poltergeist|p2a: Registeel|[miss]\n|-miss|p1a: Banette|p2a: Registeel\n|move|p2a: Registeel|Amnesia|p2a: Registeel\n|-boost|p2a: Registeel|spd|2\n|\n|-heal|p2a: Registeel|87/100 par|[from] item: Leftovers\n|upkeep\n|turn|15\n|\n|t:|1790730819\n|move|p1a: Banette|Poltergeist|p2a: Registeel\n|-activate|p2a: Registeel|move: Poltergeist|Leftovers\n|-damage|p2a: Registeel|73/100 par\n|move|p2a: Registeel|Amnesia|p2a: Registeel\n|-boost|p2a: Registeel|spd|2\n|\n|-heal|p2a: Registeel|79/100 par|[from] item: Leftovers\n|upkeep\n|turn|16\n|\n|t:|1790730820\n|move|p1a: Banette|Swords Dance|p1a: Banette\n|-boost|p1a: Banette|atk|2\n|move|p2a: Registeel|Slack Off|p2a: Registeel\n|-heal|p2a: Registeel|100/100 par\n|\n|upkeep\n|turn|17\n|\n|t:|1790730821\n|switch|p1a: Empoleon|Empoleon|100/100\n|move|p2a: Registeel|Velvet Press|p1a: Empoleon\n|-resisted|p1a: Empoleon\n|-damage|p1a: Empoleon|58/100\n|\n|-heal|p1a: Empoleon|64/100|[from] item: Leftovers\n|upkeep\n|turn|18\n|\n|t:|1790730824\n|move|p2a: Registeel|Velvet Press|p1a: Empoleon\n|-resisted|p1a: Empoleon\n|-damage|p1a: Empoleon|17/100\n|move|p1a: Empoleon|Royal Decree|p2a: Registeel\n|-sidestart|p2: SlimeQueenSamantha|Spikes\n|drag|p2a: Clodsire|Clodsire|100/100\n|\n|-heal|p1a: Empoleon|24/100|[from] item: Leftovers\n|upkeep\n|turn|19\n|\n|t:|1790730830\n|switch|p1a: Gliscor|Gliscor|82/100\n|move|p2a: Clodsire|Earthquake|p1a: Gliscor\n|-immune|p1a: Gliscor\n|\n|upkeep\n|turn|20\n|\n|t:|1790730832\n|move|p1a: Gliscor|Earthquake|p2a: Clodsire\n|-supereffective|p2a: Clodsire\n|-damage|p2a: Clodsire|51/100\n|move|p2a: Clodsire|Toxic Spikes|p1a: Gliscor\n|-sidestart|p1: Bunny Stockfish|move: Toxic Spikes\n|\n|upkeep\n|turn|21\n|\n|t:|1790730837\n|switch|p2a: Lugia|Lugia|100/100\n|-start|p1a: Gliscor|Dynamax|\n|-heal|p1a: Gliscor|82/100|[silent]\n|move|p1a: Gliscor|Max Quake|p2a: Lugia\n|-immune|p2a: Lugia\n|\n|upkeep\n|turn|22\n|\n|t:|1790730844\n|-start|p2a: Lugia|Dynamax|\n|-heal|p2a: Lugia|100/100|[silent]\n|move|p2a: Lugia|Max Airstream|p1a: Gliscor\n|-damage|p1a: Gliscor|63/100\n|-boost|p2a: Lugia|spe|1\n|move|p1a: Gliscor|Max Darkness|p2a: Lugia\n|-supereffective|p2a: Lugia\n|-damage|p2a: Lugia|92/100\n|-unboost|p2a: Lugia|spd|1\n|\n|upkeep\n|turn|23\n|\n|t:|1790730845\n|move|p2a: Lugia|Max Airstream|p1a: Gliscor\n|-crit|p1a: Gliscor\n|-damage|p1a: Gliscor|39/100\n|-boost|p2a: Lugia|spe|1\n|move|p1a: Gliscor|Max Darkness|p2a: Lugia\n|-supereffective|p2a: Lugia\n|-damage|p2a: Lugia|74/100\n|-unboost|p2a: Lugia|spd|1\n|\n|upkeep\n|-end|p1a: Gliscor|Dynamax\n|-heal|p1a: Gliscor|39/100|[silent]\n|turn|24\n|\n|t:|1790730847\n|switch|p1a: Banette|Banette-Mega|100/100\n|-status|p1a: Banette|psn\n|move|p2a: Lugia|Max Airstream|p1a: Banette\n|-damage|p1a: Banette|37/100 psn\n|-boost|p2a: Lugia|spe|1\n|\n|-damage|p1a: Banette|24/100 psn|[from] psn\n|upkeep\n|-end|p2a: Lugia|Dynamax\n|-heal|p2a: Lugia|74/100|[silent]\n|turn|25\n|\n|t:|1790730850\n|switch|p1a: Blissey|Blissey|100/100\n|-status|p1a: Blissey|psn\n|move|p2a: Lugia|Air Slash|p1a: Blissey\n|-damage|p1a: Blissey|94/100 psn\n|\n|-heal|p1a: Blissey|99/100 psn|[from] item: Leftovers\n|-damage|p1a: Blissey|88/100 psn|[from] psn\n|upkeep\n|turn|26\n|\n|t:|1790730853\n|move|p2a: Lugia|Calm Mind|p2a: Lugia\n|-boost|p2a: Lugia|spa|1\n|-boost|p2a: Lugia|spd|1\n|move|p1a: Blissey|Soft-Boiled|p1a: Blissey\n|-heal|p1a: Blissey|100/100 psn\n|\n|-damage|p1a: Blissey|88/100 psn|[from] psn\n|upkeep\n|turn|27\n|\n|t:|1790730854\n|move|p2a: Lugia|Calm Mind|p2a: Lugia\n|-boost|p2a: Lugia|spa|1\n|-boost|p2a: Lugia|spd|1\n|move|p1a: Blissey|Hyper Voice|p2a: Lugia\n|-damage|p2a: Lugia|63/100\n|\n|-heal|p1a: Blissey|94/100 psn|[from] item: Leftovers\n|-damage|p1a: Blissey|82/100 psn|[from] psn\n|upkeep\n|turn|28\n|\n|t:|1790730855\n|move|p2a: Lugia|Calm Mind|p2a: Lugia\n|-boost|p2a: Lugia|spa|1\n|-boost|p2a: Lugia|spd|1\n|move|p1a: Blissey|Soft-Boiled|p1a: Blissey\n|-heal|p1a: Blissey|100/100 psn\n|\n|-damage|p1a: Blissey|88/100 psn|[from] psn\n|upkeep\n|turn|29\n|\n|t:|1790730856\n|-curestatus|p1a: Blissey|psn|[silent]\n|-curestatus|p1: Banette|psn|[silent]\n|-cureteam|p1a: Blissey|[from] ability: Caretaker\n|switch|p1a: Banette|Banette-Mega|24/100\n|-status|p1a: Banette|psn\n|move|p2a: Lugia|Calm Mind|p2a: Lugia\n|-boost|p2a: Lugia|spa|1\n|-boost|p2a: Lugia|spd|1\n|\n|-damage|p1a: Banette|12/100 psn|[from] psn\n|upkeep\n|turn|30\n|\n|t:|1790730859\n|switch|p1a: Blissey|Blissey|88/100\n|-status|p1a: Blissey|psn\n|move|p2a: Lugia|Air Slash|p1a: Blissey\n|-crit|p1a: Blissey\n|-damage|p1a: Blissey|58/100 psn\n|\n|-heal|p1a: Blissey|64/100 psn|[from] item: Leftovers\n|-damage|p1a: Blissey|52/100 psn|[from] psn\n|upkeep\n|turn|31\n|\n|t:|1790730860\n|move|p2a: Lugia|Calm Mind|p2a: Lugia\n|-boost|p2a: Lugia|spa|1\n|-boost|p2a: Lugia|spd|1\n|move|p1a: Blissey|Soft-Boiled|p1a: Blissey\n|-heal|p1a: Blissey|100/100 psn\n|\n|-damage|p1a: Blissey|88/100 psn|[from] psn\n|upkeep\n|turn|32\n|\n|t:|1790730862\n|-curestatus|p1a: Blissey|psn|[silent]\n|-curestatus|p1: Banette|psn|[silent]\n|-cureteam|p1a: Blissey|[from] ability: Caretaker\n|switch|p1a: Banette|Banette-Mega|12/100\n|-status|p1a: Banette|psn\n|move|p2a: Lugia|Recover|p2a: Lugia\n|-heal|p2a: Lugia|100/100\n|\n|-damage|p1a: Banette|0 fnt|[from] psn\n|faint|p1a: Banette\n|detailschange|p1: Banette|Banette|[silent]\n|upkeep\n|\n|t:|1790730862\n|switch|p1a: Blissey|Blissey|88/100\n|-status|p1a: Blissey|psn\n|turn|33\n|\n|t:|1790730863\n|move|p2a: Lugia|Calm Mind|p2a: Lugia\n|-boost|p2a: Lugia|spa|1\n|-boost|p2a: Lugia|spd|1\n|move|p1a: Blissey|Soft-Boiled|p1a: Blissey\n|-heal|p1a: Blissey|100/100 psn\n|\n|-damage|p1a: Blissey|88/100 psn|[from] psn\n|upkeep\n|turn|34\n|\n|t:|1790730865\n|move|p2a: Lugia|Calm Mind|p2a: Lugia\n|-boost|p2a: Lugia|spa|0\n|-boost|p2a: Lugia|spd|1\n|move|p1a: Blissey|Soft-Boiled|p1a: Blissey\n|-heal|p1a: Blissey|100/100 psn\n|\n|-damage|p1a: Blissey|88/100 psn|[from] psn\n|upkeep\n|turn|35\n|\n|t:|1790730866\n|move|p2a: Lugia|Calm Mind|p2a: Lugia\n|-boost|p2a: Lugia|spa|0\n|-boost|p2a: Lugia|spd|1\n|move|p1a: Blissey|Soft-Boiled|p1a: Blissey\n|-heal|p1a: Blissey|100/100 psn\n|\n|-damage|p1a: Blissey|88/100 psn|[from] psn\n|upkeep\n|turn|36\n|\n|t:|1790730868\n|move|p2a: Lugia|Air Slash|p1a: Blissey\n|-damage|p1a: Blissey|62/100 psn\n|move|p1a: Blissey|Soft-Boiled|p1a: Blissey\n|-heal|p1a: Blissey|100/100 psn\n|\n|-damage|p1a: Blissey|88/100 psn|[from] psn\n|upkeep\n|turn|37\n|\n|t:|1790730869\n|move|p2a: Lugia|Earth Power|p1a: Blissey\n|-damage|p1a: Blissey|66/100 psn\n|move|p1a: Blissey|Soft-Boiled|p1a: Blissey\n|-heal|p1a: Blissey|100/100 psn\n|\n|-damage|p1a: Blissey|88/100 psn|[from] psn\n|upkeep\n|turn|38\n|\n|t:|1790730871\n|move|p2a: Lugia|Earth Power|p1a: Blissey\n|-damage|p1a: Blissey|65/100 psn\n|move|p1a: Blissey|Soft-Boiled|p1a: Blissey\n|-heal|p1a: Blissey|100/100 psn\n|\n|-damage|p1a: Blissey|88/100 psn|[from] psn\n|upkeep\n|turn|39\n|\n|t:|1790730872\n|move|p2a: Lugia|Earth Power|p1a: Blissey\n|-damage|p1a: Blissey|67/100 psn\n|move|p1a: Blissey|Soft-Boiled|p1a: Blissey\n|-heal|p1a: Blissey|100/100 psn\n|\n|-damage|p1a: Blissey|88/100 psn|[from] psn\n|upkeep\n|turn|40\n|\n|t:|1790730875\n|move|p2a: Lugia|Earth Power|p1a: Blissey\n|-crit|p1a: Blissey\n|-damage|p1a: Blissey|54/100 psn\n|move|p1a: Blissey|Soft-Boiled|p1a: Blissey\n|-heal|p1a: Blissey|100/100 psn\n|\n|-damage|p1a: Blissey|88/100 psn|[from] psn\n|upkeep\n|turn|41\n|\n|t:|1790730876\n|move|p2a: Lugia|Earth Power|p1a: Blissey\n|-damage|p1a: Blissey|69/100 psn\n|move|p1a: Blissey|Soft-Boiled|p1a: Blissey\n|-heal|p1a: Blissey|100/100 psn\n|\n|-damage|p1a: Blissey|88/100 psn|[from] psn\n|upkeep\n|turn|42\n|\n|t:|1790730877\n|move|p2a: Lugia|Earth Power|p1a: Blissey\n|-damage|p1a: Blissey|67/100 psn\n|-unboost|p1a: Blissey|spd|1\n|move|p1a: Blissey|Soft-Boiled|p1a: Blissey\n|-heal|p1a: Blissey|100/100 psn\n|\n|-damage|p1a: Blissey|88/100 psn|[from] psn\n|upkeep\n|turn|43\n|\n|t:|1790730879\n|move|p2a: Lugia|Earth Power|p1a: Blissey\n|-damage|p1a: Blissey|55/100 psn\n|move|p1a: Blissey|Soft-Boiled|p1a: Blissey\n|-heal|p1a: Blissey|100/100 psn\n|\n|-damage|p1a: Blissey|88/100 psn|[from] psn\n|upkeep\n|turn|44\n|\n|t:|1790730881\n|move|p2a: Lugia|Air Slash|p1a: Blissey\n|-damage|p1a: Blissey|47/100 psn\n|cant|p1a: Blissey|flinch\n|\n|-heal|p1a: Blissey|53/100 psn|[from] item: Leftovers\n|-damage|p1a: Blissey|41/100 psn|[from] psn\n|upkeep\n|turn|45\n|\n|t:|1790730884\n|move|p2a: Lugia|Air Slash|p1a: Blissey\n|-damage|p1a: Blissey|4/100 psn\n|move|p1a: Blissey|Soft-Boiled|p1a: Blissey\n|-heal|p1a: Blissey|54/100 psn\n|\n|-heal|p1a: Blissey|60/100 psn|[from] item: Leftovers\n|-damage|p1a: Blissey|48/100 psn|[from] psn\n|upkeep\n|turn|46\n|\n|t:|1790730886\n|move|p2a: Lugia|Air Slash|p1a: Blissey\n|-damage|p1a: Blissey|12/100 psn\n|move|p1a: Blissey|Soft-Boiled|p1a: Blissey\n|-heal|p1a: Blissey|62/100 psn\n|\n|-heal|p1a: Blissey|68/100 psn|[from] item: Leftovers\n|-damage|p1a: Blissey|55/100 psn|[from] psn\n|upkeep\n|turn|47\n|\n|t:|1790730888\n|move|p2a: Lugia|Air Slash|p1a: Blissey\n|-damage|p1a: Blissey|15/100 psn\n|move|p1a: Blissey|Heal Bell|p1a: Blissey\n|-activate|p1a: Blissey|move: Heal Bell\n|-curestatus|p1a: Blissey|psn|[msg]\n|\n|-heal|p1a: Blissey|21/100|[from] item: Leftovers\n|upkeep\n|turn|48\n|\n|t:|1790730889\n|move|p2a: Lugia|Air Slash|p1a: Blissey\n|-damage|p1a: Blissey|0 fnt\n|faint|p1a: Blissey\n|\n|upkeep\n|\n|t:|1790730890\n|switch|p1a: Clefable|Clefable|100/100\n|-status|p1a: Clefable|psn\n|turn|49\n|\n|t:|1790730891\n|move|p2a: Lugia|Air Slash|p1a: Clefable\n|-damage|p1a: Clefable|13/100 psn\n|move|p1a: Clefable|Moonblast|p2a: Lugia\n|-damage|p2a: Lugia|98/100\n|-unboost|p2a: Lugia|spa|1\n|\n|-heal|p1a: Clefable|20/100 psn|[from] item: Leftovers\n|upkeep\n|turn|50\n|\n|t:|1790730893\n|move|p2a: Lugia|Air Slash|p1a: Clefable\n|-damage|p1a: Clefable|0 fnt\n|faint|p1a: Clefable\n|\n|upkeep\n|\n|t:|1790730893\n|switch|p1a: Dragapult|Dragapult|100/100\n|turn|51\n|\n|t:|1790730895\n|move|p2a: Lugia|Air Slash|p1a: Dragapult\n|-damage|p1a: Dragapult|0 fnt\n|faint|p1a: Dragapult\n|\n|upkeep\n|\n|t:|1790730895\n|switch|p1a: Gliscor|Gliscor|39/100\n|turn|52\n|\n|t:|1790730897\n|move|p1a: Gliscor|Protect|p1a: Gliscor\n|-singleturn|p1a: Gliscor|Protect\n|move|p2a: Lugia|Air Slash|p1a: Gliscor\n|-activate|p1a: Gliscor|move: Protect\n|\n|upkeep\n|turn|53\n|\n|t:|1790730899\n|move|p2a: Lugia|Air Slash|p1a: Gliscor\n|-damage|p1a: Gliscor|0 fnt\n|faint|p1a: Gliscor\n|\n|upkeep\n|\n|t:|1790730899\n|switch|p1a: Empoleon|Empoleon|24/100\n|turn|54\n|\n|t:|1790730900\n|move|p2a: Lugia|Earth Power|p1a: Empoleon\n|-supereffective|p1a: Empoleon\n|-damage|p1a: Empoleon|0 fnt\n|faint|p1a: Empoleon\n|\n|win|SlimeQueenSamantha\n",
	"inputlog": ">start {\"formatid\":\"gen9rpou\",\"seed\":\"sodium,e0583c761498a6d8b29658ba6224940a\",\"rated\":\"Rated battle\"}\n>player p1 {\"name\":\"Bunny Stockfish\",\"avatar\":\"bunny.png\",\"team\":\"Banette||Banettite|CursedBody|Poltergeist,GunkShot,SwordsDance,ThunderWave|Adamant|,252,,,4,252|N||||,,,,,Ghost]Dragapult||HeavyDutyBoots|Infiltrator|DracoMeteor,Hex,ThunderWave,Uturn|Naive|,4,,252,,252|N||||,,,,,Ghost]Blissey||Leftovers|Caretaker|SoftBoiled,StealthRock,HealBell,HyperVoice|Careful|252,,4,,252,|N|,0,,,,|||,,,,,Dark]Clefable||Leftovers|MagicGuard|StealthRock,Moonblast,Moonlight,VelvetPress|Bold|252,,252,,4,|N|,0,,,,|||,,,,,Water]Gliscor||ToxicOrb|PoisonHeal|StealthRock,Earthquake,KnockOff,Protect|Careful|244,,36,,228,|N||||,,,,,Water]Empoleon||Leftovers|EmperorsPride|ImperialTorrent,Roost,StealthRock,RoyalDecree|Calm|252,,4,,252,|N|,0,,,,|||,,,,,Flying\",\"rating\":1332}\n>player p2 {\"name\":\"SlimeQueenSamantha\",\"avatar\":\"queen.png\",\"team\":\"Lugia||HeavyDutyBoots|Multiscale|CalmMind,AirSlash,EarthPower,Recover|Timid|248,,8,,,252|N|,0,,,,|||,,,,,Ground]Blissey||HeavyDutyBoots|Caretaker|SoftBoiled,StealthRock,Toxic,SeismicToss|Bold|252,,252,,4,|N|,0,,,,|||,,,,,Water]Registeel||Leftovers|Unaware|SlackOff,IronDefense,Amnesia,velvetpress|Calm|252,,,4,252,|N|,0,,,,|||,,,,,Fairy]Umbreon||Leftovers|MoonlitVenom|Wish,Protect,KnockOff,Teleport|Careful|252,4,,,252,|N||||,,,,,Poison]Spiritomb||Leftovers|KeystoneLegion|soultoll,StrengthSap,PartingShot,WillOWisp|Careful|252,4,,,252,|N||S||,,,,,Dragon]Clodsire||HeavyDutyBoots|WaterAbsorb|ToxicSpikes,Punishment,Earthquake,Recover|Careful|248,8,244,,8,|N||||,,,,,Fire\",\"rating\":1468}\n>chat ☆Bunny Stockfish|Good luck! Playing on **stockfish**.\n>p1 team 5, 2, 1, 4, 6, 3\n>p2 team 4, 2, 3, 1, 5, 6\n>p1 move stealthrock\n>p2 move knockoff\n>p1 move earthquake\n>p2 move wish\n>p1 move earthquake\n>p2 move teleport\n>p2 switch 4\n>p1 switch 3\n>p2 move calmmind\n>p1 move swordsdance mega\n>p2 switch 4\n>p1 move poltergeist\n>p2 move knockoff\n>p2 switch 3\n>p1 move thunderwave\n>p2 move irondefense\n>p1 move swordsdance\n>p2 move irondefense\n>p1 move poltergeist\n>p2 move irondefense\n>p1 move poltergeist\n>p2 move irondefense\n>p1 move poltergeist\n>p2 move amnesia\n>p1 move poltergeist\n>p2 move amnesia\n>p1 move poltergeist\n>p2 move amnesia\n>p1 move poltergeist\n>p2 move amnesia\n>p1 move poltergeist\n>p2 move amnesia\n>p1 move swordsdance\n>p2 move slackoff\n>p1 switch 5\n>p2 move velvetpress\n>p1 move royaldecree\n>p2 move velvetpress\n>p1 switch 3\n>p2 move earthquake\n>p1 move earthquake\n>p2 move toxicspikes\n>p1 move earthquake dynamax\n>p2 switch 4\n>p1 move knockoff dynamax\n>p2 move airslash dynamax\n>p1 move knockoff dynamax\n>p2 move airslash dynamax\n>p1 switch 5\n>p2 move airslash dynamax\n>p1 switch 6\n>p2 move airslash\n>p1 move softboiled\n>p2 move calmmind\n>p1 move hypervoice\n>p2 move calmmind\n>p1 move softboiled\n>p2 move calmmind\n>p1 switch 6\n>p2 move calmmind\n>p1 switch 6\n>p2 move airslash\n>p1 move softboiled\n>p2 move calmmind\n>p1 switch 6\n>p2 move recover\n>p1 switch 6\n>p1 move softboiled\n>p2 move calmmind\n>p1 move softboiled\n>p2 move calmmind\n>p1 move softboiled\n>p2 move calmmind\n>p1 move softboiled\n>p2 move airslash\n>p1 move softboiled\n>p2 move earthpower\n>p1 move softboiled\n>p2 move earthpower\n>p1 move softboiled\n>p2 move earthpower\n>p1 move softboiled\n>p2 move earthpower\n>p1 move softboiled\n>p2 move earthpower\n>p1 move softboiled\n>p2 move earthpower\n>p1 move softboiled\n>p2 move earthpower\n>p1 move softboiled\n>p2 move airslash\n>p1 move softboiled\n>p2 move airslash\n>p1 move softboiled\n>p2 move airslash\n>p1 move healbell\n>p2 move airslash\n>p1 move hypervoice\n>p2 move airslash\n>p1 switch 4\n>p1 move moonblast\n>p2 move airslash\n>p1 move moonblast\n>p2 move airslash\n>p1 switch 2\n>p1 move uturn\n>p2 move airslash\n>p1 switch 5\n>p1 move protect\n>p2 move airslash\n>p1 move knockoff\n>p2 move airslash\n>p1 switch 3\n>p1 move imperialtorrent\n>p2 move earthpower",
	"uploadtime": 1790730900
}