{
	"id": "gen9rpou-1-tlhjc9",
	"format": "[Gen 9] RP OU",
	"players": [
		"Bunny Stockfish",
		"SlimeQueenSamantha"
	],
	"rating": null,
	"log": "|j|☆Bunny Stockfish\n|j|☆SlimeQueenSamantha\n|t:|1789609312\n|gametype|singles\n|player|p1|Bunny Stockfish|bunny.png|1332\n|player|p2|SlimeQueenSamantha|queen.png|1256\n|gen|9\n|tier|[Gen 9] RP OU\n|rated|\n|rule|HP Percentage Mod: HP is shown in percentages\n|rule|Endless Battle Clause: Forcing endless battles is banned\n|rule|Species Clause: Limit one of each Pokémon\n|rule|OHKO Clause: OHKO moves are banned\n|rule|Evasion Clause: Evasion abilities, items, and moves are banned\n|rule|Evasion Abilities Clause: Evasion abilities are banned\n|rule|Evasion Items Clause: Evasion items are banned\n|rule|Evasion Moves Clause: Evasion moves are banned\n|rule|Sleep Clause Mod: Limit one foe put to sleep\n|clearpoke\n|poke|p1|Ceruledge|\n|poke|p1|Slither Wing|\n|poke|p1|Gholdengo|\n|poke|p1|Dragapult|\n|poke|p1|Hatterene|\n|poke|p1|Corviknight|\n|poke|p2|Spiritomb|\n|poke|p2|Glaceon|\n|poke|p2|Garchomp|\n|poke|p2|Roserade|\n|poke|p2|Togekiss|\n|poke|p2|Lucario|\n|teampreview\n|c|☆Bunny Stockfish|Good luck! Playing on **stockfish**.\n|\n|t:|1789609321\n|teamsize|p1|6\n|teamsize|p2|6\n|start\n|switch|p1a: Dragapult|Dragapult|100/100\n|switch|p2a: Garchomp|Garchomp|100/100\n|turn|1\n|\n|t:|1789609330\n|switch|p2a: Togekiss|Togekiss|100/100\n|-start|p1a: Dragapult|Dynamax|\n|-heal|p1a: Dragapult|100/100|[silent]\n|move|p1a: Dragapult|Max Wyrmwind|p2a: Togekiss\n|-immune|p2a: Togekiss\n|\n|upkeep\n|turn|2\n|\n|t:|1789609338\n|-end|p1a: Dragapult|Dynamax\n|-heal|p1a: Dragapult|100/100|[silent]\n|switch|p1a: Gholdengo|Gholdengo|100/100\n|-start|p2a: Togekiss|Dynamax|\n|-heal|p2a: Togekiss|100/100|[silent]\n|move|p2a: Togekiss|Max Starfall|p1a: Gholdengo\n|-resisted|p1a: Gholdengo\n|-damage|p1a: Gholdengo|61/100\n|-fieldstart|move: Misty Terrain\n|\n|upkeep\n|turn|3\n|\n|t:|1789609342\n|-terastallize|p1a: Gholdengo|Steel\n|move|p2a: Togekiss|Max Flare|p1a: Gholdengo\n|-supereffective|p1a: Gholdengo\n|-damage|p1a: Gholdengo|0 fnt\n|-weather|SunnyDay\n|faint|p1a: Gholdengo\n|\n|-weather|SunnyDay|[upkeep]\n|upkeep\n|\n|t:|1789609343\n|switch|p1a: Hatterene|Hatterene|100/100\n|turn|4\n|\n|t:|1789609349\n|move|p2a: Togekiss|Max Airstream|p1a: Hatterene\n|-damage|p1a: Hatterene|63/100\n|-boost|p2a: Togekiss|spe|1\n|move|p1a: Hatterene|Future Sight|p2a: Togekiss\n|-start|p1a: Hatterene|move: Future Sight\n|\n|-weather|SunnyDay|[upkeep]\n|upkeep\n|-end|p2a: Togekiss|Dynamax\n|-heal|p2a: Togekiss|100/100|[silent]\n|turn|5\n|\n|t:|1789609353\n|move|p2a: Togekiss|Air Slash|p1a: Hatterene\n|-damage|p1a: Hatterene|39/100\n|move|p1a: Hatterene|Future Sight||[still]\n|-fail|p1a: Hatterene\n|\n|-weather|SunnyDay|[upkeep]\n|upkeep\n|turn|6\n|\n|t:|1789609355\n|switch|p1a: Corviknight|Corviknight|100/100\n|-ability|p1a: Corviknight|Unnerve\n|move|p2a: Togekiss|Air Slash|p1a: Corviknight\n|-resisted|p1a: Corviknight\n|-damage|p1a: Corviknight|81/100\n|\n|-weather|SunnyDay|[upkeep]\n|-end|p2a: Togekiss|move: Future Sight\n|-damage|p2a: Togekiss|36/100\n|-fieldend|Misty Terrain\n|upkeep\n|turn|7\n|\n|t:|1789609363\n|switch|p2a: Spiritomb|Spiritomb|100/100\n|move|p1a: Corviknight|Defog|p2a: Spiritomb\n|-unboost|p2a: Spiritomb|evasion|1\n|\n|-weather|none\n|upkeep\n|turn|8\n|\n|t:|1789609366\n|move|p1a: Corviknight|Defog|p2a: Spiritomb\n|-unboost|p2a: Spiritomb|evasion|1\n|move|p2a: Spiritomb|Will-O-Wisp|p1a: Corviknight\n|-status|p1a: Corviknight|brn\n|\n|-damage|p1a: Corviknight|75/100 brn|[from] brn\n|upkeep\n|turn|9\n|\n|t:|1789609372\n|move|p1a: Corviknight|Defog|p2a: Spiritomb\n|-unboost|p2a: Spiritomb|evasion|1\n|move|p2a: Spiritomb|Parting Shot|p1a: Corviknight\n|-unboost|p1a: Corviknight|atk|1\n|-unboost|p1a: Corviknight|spa|1\n|\n|t:|1789609406\n|switch|p2a: Glaceon|Glaceon|100/100|[from] Parting Shot\n|-weather|Snowscape|[from] ability: Diamond Dust|[of] p2a: Glaceon\n|\n|-weather|Snowscape|[upkeep]\n|-damage|p1a: Corviknight|69/100 brn|[from] brn\n|upkeep\n|turn|10\n|\n|t:|1789609411\n|switch|p1a: Slither Wing|Slither Wing|100/100\n|-terastallize|p2a: Glaceon|Ice\n|move|p2a: Glaceon|Blizzard|p1a: Slither Wing\n|-damage|p1a: Slither Wing|28/100\n|-damage|p2a: Glaceon|91/100|[from] item: Life Orb\n|\n|-weather|Snowscape|[upkeep]\n|upkeep\n|turn|11\n|\n|t:|1789609419\n|move|p2a: Glaceon|Aurora Veil|p2a: Glaceon\n|-sidestart|p2: SlimeQueenSamantha|move: Aurora Veil\n|move|p1a: Slither Wing|Close Combat|p2a: Glaceon\n|-supereffective|p2a: Glaceon\n|-damage|p2a: Glaceon|38/100\n|-unboost|p1a: Slither Wing|def|1\n|-unboost|p1a: Slither Wing|spd|1\n|\n|-weather|Snowscape|[upkeep]\n|upkeep\n|turn|12\n|\n|t:|1789609429\n|move|p2a: Glaceon|Blizzard|p1a: Slither Wing\n|-crit|p1a: Slither Wing\n|-damage|p1a: Slither Wing|0 fnt\n|faint|p1a: Slither Wing\n|-end|p1a: Slither Wing|Protosynthesis|[silent]\n|-damage|p2a: Glaceon|28/100|[from] item: Life Orb\n|\n|-weather|Snowscape|[upkeep]\n|upkeep\n|\n|t:|1789609429\n|switch|p1a: Ceruledge|Ceruledge|100/100\n|-item|p1a: Ceruledge|Air Balloon\n|turn|13\n|\n|t:|1789609434\n|move|p2a: Glaceon|Earth Power|p1a: Ceruledge\n|-immune|p1a: Ceruledge\n|move|p1a: Ceruledge|Bitter Blade|p2a: Glaceon\n|-supereffective|p2a: Glaceon\n|-damage|p2a: Glaceon|0 fnt\n|faint|p2a: Glaceon\n|\n|-weather|none\n|upkeep\n|\n|t:|1789609439\n|switch|p2a: Togekiss|Togekiss|36/100\n|turn|14\n|\n|t:|1789609441\n|move|p2a: Togekiss|Air Slash|p1a: Ceruledge\n|-damage|p1a: Ceruledge|58/100\n|-enditem|p1a: Ceruledge|Air Balloon\n|cant|p1a: Ceruledge|flinch\n|\n|upkeep\n|turn|15\n|\n|t:|1789609449\n|move|p2a: Togekiss|Air Slash|p1a: Ceruledge\n|-crit|p1a: Ceruledge\n|-damage|p1a: Ceruledge|0 fnt\n|faint|p1a: Ceruledge\n|\n|-sideend|p2: SlimeQueenSamantha|move: Aurora Veil\n|upkeep\n|\n|t:|1789609450\n|switch|p1a: Hatterene|Hatterene|39/100\n|turn|16\n|\n|t:|1789609453\n|move|p2a: Togekiss|Air Slash|p1a: Hatterene|[miss]\n|-miss|p2a: Togekiss|p1a: Hatterene\n|move|p1a: Hatterene|Future Sight|p2a: Togekiss\n|-start|p1a: Hatterene|move: Future Sight\n|\n|upkeep\n|turn|17\n|\n|t:|1789609454\n|move|p2a: Togekiss|Air Slash|p1a: Hatterene\n|-damage|p1a: Hatterene|17/100\n|move|p1a: Hatterene|Future Sight||[still]\n|-fail|p1a: Hatterene\n|\n|upkeep\n|turn|18\n|\n|t:|1789609459\n|move|p2a: Togekiss|Air Slash|p1a: Hatterene\n|-damage|p1a: Hatterene|0 fnt\n|faint|p1a: Hatterene\n|\n|-end|p2a: Togekiss|move: Future Sight\n|-damage|p2a: Togekiss|0 fnt\n|faint|p2a: Togekiss\n|upkeep\n|\n|t:|1789609463\n|switch|p2a: Roserade|Roserade|100/100\n|switch|p1a: Dragapult|Dragapult|100/100\n|-ability|p2a: Roserade|Masquerade\n|-start|p1a: Dragapult|move: Taunt\n|turn|19\n|\n|t:|1789609466\n|move|p1a: Dragapult|Draco Meteor|p2a: Roserade\n|-damage|p2a: Roserade|24/100\n|-unboost|p1a: Dragapult|spa|2\n|-damage|p1a: Dragapult|91/100|[from] item: Life Orb\n|move|p2a: Roserade|Nasty Plot|p2a: Roserade\n|-boost|p2a: Roserade|spa|2\n|\n|upkeep\n|turn|20\n|\n|t:|1789609471\n|move|p1a: Dragapult|Dragon Darts|p2a: Roserade\n|-damage|p2a: Roserade|0 fnt\n|faint|p2a: Roserade\n|-damage|p1a: Dragapult|81/100|[from] item: Life Orb\n|\n|upkeep\n|\n|t:|1789609475\n|switch|p2a: Spiritomb|Spiritomb|100/100\n|turn|21\n|\n|t:|1789609478\n|move|p1a: Dragapult|Dragon Darts|p2a: Spiritomb\n|-damage|p2a: Spiritomb|78/100\n|-anim|p1a: Dragapult|Dragon Darts|p2a: Spiritomb\n|-damage|p2a: Spiritomb|56/100\n|-damage|p1a: Dragapult|71/100|[from] item: Life Orb\n|move|p2a: Spiritomb|Will-O-Wisp|p1a: Dragapult\n|-status|p1a: Dragapult|brn\n|\n|-heal|p2a: Spiritomb|62/100|[from] item: Leftovers\n|-damage|p1a: Dragapult|65/100 brn|[from] brn\n|-end|p1a: Dragapult|move: Taunt\n|upkeep\n|turn|22\n|\n|t:|1789609481\n|move|p1a: Dragapult|Will-O-Wisp|p2a: Spiritomb\n|-status|p2a: Spiritomb|brn\n|move|p2a: Spiritomb|Strength Sap|p1a: Dragapult\n|-unboost|p1a: Dragapult|atk|1\n|-heal|p2a: Spiritomb|100/100 brn\n|\n|-damage|p1a: Dragapult|59/100 brn|[from] brn\n|-damage|p2a: Spiritomb|94/100 brn|[from] brn\n|upkeep\n|turn|23\n|\n|t:|1789609484\n|move|p1a: Dragapult|Shadow Ball|p2a: Spiritomb\n|-damage|p2a: Spiritomb|81/100 brn\n|-damage|p1a: Dragapult|49/100 brn|[from] item: Life Orb\n|move|p2a: Spiritomb|Soul Toll|p1a: Dragapult\n|-supereffective|p1a: Dragapult\n|-damage|p1a: Dragapult|0 fnt\n|faint|p1a: Dragapult\n|\n|-heal|p2a: Spiritomb|87/100 brn|[from] item: Leftovers\n|-damage|p2a: Spiritomb|81/100 brn|[from] brn\n|upkeep\n|\n|t:|1789609484\n|switch|p1a: Corviknight|Corviknight|69/100 brn\n|-ability|p1a: Corviknight|Unnerve\n|turn|24\n|\n|t:|1789609486\n|move|p1a: Corviknight|Defog|p2a: Spiritomb\n|-unboost|p2a: Spiritomb|evasion|1\n|move|p2a: Spiritomb|Will-O-Wisp|p1a: Corviknight\n|-fail|p1a: Corviknight|brn\n|\n|-heal|p2a: Spiritomb|87/100 brn|[from] item: Leftovers\n|-damage|p1a: Corviknight|63/100 brn|[from] brn\n|-damage|p2a: Spiritomb|81/100 brn|[from] brn\n|upkeep\n|turn|25\n|\n|t:|1789609489\n|move|p1a: Corviknight|Defog|p2a: Spiritomb\n|-unboost|p2a: Spiritomb|evasion|1\n|move|p2a: Spiritomb|Soul Toll|p1a: Corviknight\n|-damage|p1a: Corviknight|9/100 brn\n|\n|-heal|p2a: Spiritomb|87/100 brn|[from] item: Leftovers\n|-damage|p1a: Corviknight|3/100 brn|[from] brn\n|-damage|p2a: Spiritomb|81/100 brn|[from] brn\n|upkeep\n|turn|26\n|\n|t:|1789609492\n|move|p1a: Corviknight|Roost|p1a: Corviknight\n|-heal|p1a: Corviknight|53/100 brn\n|-singleturn|p1a: Corviknight|move: Roost\n|move|p2a: Spiritomb|Soul Toll|p1a: Corviknight\n|-damage|p1a: Corviknight|0 fnt\n|faint|p1a: Corviknight\n|\n|win|SlimeQueenSamantha\n",
	"inputlog": ">start {\"formatid\":\"gen9rpou\",\"seed\":\"sodium,bbcd57d895faed5240fe210fbac0dbaa\",\"rated\":\"Rated battle\"}\n>player p1 {\"name\":\"Bunny Stockfish\",\"avatar\":\"bunny.png\",\"team\":\"Ceruledge||AirBalloon|WeakArmor|SwordsDance,BitterBlade,ShadowSneak,CloseCombat|Adamant|,252,,,4,252|N||||,,,,,Fairy]Slither Wing||AssaultVest|Protosynthesis|FirstImpression,CloseCombat,Uturn,TemperFlare|Adamant|,252,,,4,252|N||||,,,,,Fire]Gholdengo||MetalCoat|GoodasGold|NastyPlot,MakeItRain,DazzlingGleam,FocusBlast|Timid|,,,252,4,252|N|,0,,,,|||,,,,,Steel]Dragapult||LifeOrb|Infiltrator|DragonDarts,DracoMeteor,ShadowBall,WillOWisp|Naive|,4,,252,,252|N||||,,,,,Dragon]Hatterene||AssaultVest|MagicBounce|Psyshock,DrainingKiss,MysticalFire,FutureSight|Modest|252,,,100,104,52|N|,0,,,,|||,,,,,Steel]Corviknight||RockyHelmet|Unnerve|BodyPress,Defog,Uturn,Roost|Impish|248,,252,,8,|N||||,,,,,Water\",\"rating\":1332}\n>player p2 {\"name\":\"SlimeQueenSamantha\",\"avatar\":\"queen.png\",\"team\":\"Spiritomb||Leftovers|KeystoneLegion|SoulToll,StrengthSap,PartingShot,WillOWisp|Calm|252,,4,,252,|N||||,,,,,Ghost]Glaceon||LifeOrb|DiamondDust|Blizzard,FreezeDry,AuroraVeil,EarthPower|Modest|,,4,252,,252|N|,0,,,,|||,,,,,Ice]Garchomp||RockyHelmet|RoughSkin|Earthquake,DragonTail,StealthRock,Spikes|Impish|252,,216,,,40|N||||,,,,,Ghost]Roserade||HeavyDutyBoots|Masquerade|ThornedBouquet,Oxidize,NastyPlot,MortalSpin|Timid|,,,252,4,252|N||||,,,,,Grass]Togekiss||ChoiceScarf|SereneGrace|AirSlash,Uturn,AlluringVoice,Flamethrower|Timid|,,,252,4,252|N||||,,,,,Fairy]Lucario||LucarioniteZ|Steadfast|NastyPlot,AuraSphere,HiddenPowerFire,DarkPulse|Timid|,,,252,,252|N|,0,,,,|||,Fire,,,,Fighting\",\"rating\":1256}\n>chat ☆Bunny Stockfish|Good luck! Playing on **stockfish**.\n>p1 team 4, 3, 1, 2, 6, 5\n>p2 team 3, 2, 1, 4, 5, 6\n>p1 move dracometeor dynamax\n>p2 switch 5\n>p1 switch 2\n>p2 move alluringvoice dynamax\n>p1 move makeitrain terastallize\n>p2 move flamethrower dynamax\n>p1 switch 6\n>p1 move futuresight\n>p2 move airslash dynamax\n>p1 move futuresight\n>p2 move airslash\n>p1 switch 5\n>p2 move airslash\n>p1 move defog\n>p2 switch 3\n>p1 move defog\n>p2 move willowisp\n>p1 move defog\n>p2 move partingshot\n>p2 switch 2\n>p1 switch 4\n>p2 move blizzard terastallize\n>p1 move closecombat\n>p2 move auroraveil\n>p1 move closecombat\n>p2 move blizzard\n>p1 switch 3\n>p1 move bitterblade\n>p2 move earthpower\n>p2 switch 3\n>p1 move bitterblade\n>p2 move airslash\n>p1 move bitterblade\n>p2 move airslash\n>p1 switch 5\n>p1 move futuresight\n>p2 move airslash\n>p1 move futuresight\n>p2 move airslash\n>p1 move futuresight\n>p2 move airslash\n>p1 switch 2\n>p2 switch 4\n>p1 move dracometeor\n>p2 move nastyplot\n>p1 move dragondarts\n>p2 move thornedbouquet\n>p2 switch 2\n>p1 move dragondarts\n>p2 move willowisp\n>p1 move willowisp\n>p2 move strengthsap\n>p1 move shadowball\n>p2 move soultoll\n>p1 switch 4\n>p1 move defog\n>p2 move willowisp\n>p1 move defog\n>p2 move soultoll\n>p1 move roost\n>p2 move soultoll",
	"uploadtime": 1789609492
}