{
	"id": "gen9rpbattle-2-tluihb",
	"format": "[Gen 9] RP Battle",
	"players": [
		"Leader ballsack",
		"simia ignis"
	],
	"rating": null,
	"log": "|j|☆Leader ballsack\n|j|☆simia ignis\n|t:|1790214762\n|gametype|singles\n|player|p1|Leader ballsack|102|\n|player|p2|simia ignis|simia-ignis.png|\n|gen|9\n|tier|[Gen 9] RP Battle\n|clearpoke\n|poke|p1|Ninetales, L89|\n|poke|p1|Infernape, L89|\n|poke|p1|Rotom-Heat, L89|\n|poke|p1|Simisear, L89|\n|poke|p1|Gouging Fire, L89|\n|poke|p1|Charizard-Mega-Y, L91|\n|poke|p2|Ninetales|\n|poke|p2|Infernape|\n|poke|p2|Rotom-Heat|\n|poke|p2|Simisear|\n|poke|p2|Gouging Fire|\n|poke|p2|Charizard-Mega-Y|\n|teampreview\n|inactive|Battle timer is ON: inactive players will automatically lose when time's up. (requested by Leader ballsack)\n|c|☆Leader ballsack|🔒 Mega Evolution, Z-Moves, Dynamax, Terastallization are locked until the story gives ballsack test the item; the battle won't allow them.\n|c|☆Leader ballsack|Your Showdown team must match your box: only Pokémon you own, at or below their box level, or the battle is called off.\n|c|☆Leader ballsack|I've been waiting for someone like you!\n|\n|t:|1790214766\n|teamsize|p1|6\n|teamsize|p2|6\n|start\n|switch|p1a: Charizard|Charizard-Mega-Y, L91, shiny|100/100\n|switch|p2a: Gouging Fire|Gouging Fire, shiny|100/100\n|-weather|SunnyDay|[from] ability: Drought|[of] p1a: Charizard\n|-activate|p2a: Gouging Fire|ability: Protosynthesis\n|-start|p2a: Gouging Fire|protosynthesisatk\n|turn|1\n|\n|t:|1790214771\n|-end|p2a: Gouging Fire|Protosynthesis|[silent]\n|switch|p2a: Simisear|Simisear|100/100\n|move|p1a: Charizard|Scorching Sands|p2a: Simisear\n|-supereffective|p2a: Simisear\n|-crit|p2a: Simisear\n|-damage|p2a: Simisear|0 fnt\n|faint|p2a: Simisear\n|\n|-weather|SunnyDay|[upkeep]\n|upkeep\n|\n|t:|1790214774\n|switch|p2a: Charizard|Charizard-Mega-Y, shiny|100/100\n|turn|2\n|\n|t:|1790214778\n|move|p2a: Charizard|Weather Ball|p1a: Charizard\n|-resisted|p1a: Charizard\n|-damage|p1a: Charizard|53/100\n|move|p1a: Charizard|Weather Ball|p2a: Charizard\n|-resisted|p2a: Charizard\n|-damage|p2a: Charizard|64/100\n|\n|-weather|SunnyDay|[upkeep]\n|upkeep\n|turn|3\n|\n|t:|1790214780\n|move|p2a: Charizard|Weather Ball|p1a: Charizard\n|-resisted|p1a: Charizard\n|-damage|p1a: Charizard|2/100\n|move|p1a: Charizard|Weather Ball|p2a: Charizard\n|-resisted|p2a: Charizard\n|-damage|p2a: Charizard|28/100\n|\n|-weather|SunnyDay|[upkeep]\n|upkeep\n|turn|4\n|\n|t:|1790214781\n|move|p2a: Charizard|Weather Ball|p1a: Charizard\n|-resisted|p1a: Charizard\n|-damage|p1a: Charizard|0 fnt\n|faint|p1a: Charizard\n|\n|-weather|SunnyDay|[upkeep]\n|upkeep\n|\n|t:|1790214781\n|switch|p1a: Simisear|Simisear, L89|100/100\n|turn|5\n|\n|t:|1790214784\n|-start|p1a: Simisear|Dynamax|\n|-heal|p1a: Simisear|100/100|[silent]\n|-activate|p1a: Simisear|item: Elemental Banana\n|move|p2a: Charizard|Scorching Sands|p1a: Simisear\n|-supereffective|p1a: Simisear\n|-damage|p1a: Simisear|45/100\n|move|p1a: Simisear|Max Lightning|p2a: Charizard\n|-supereffective|p2a: Charizard\n|-damage|p2a: Charizard|0 fnt\n|-fieldstart|move: Electric Terrain\n|faint|p2a: Charizard\n|\n|-weather|none\n|upkeep\n|\n|t:|1790214792\n|switch|p2a: Gouging Fire|Gouging Fire, shiny|100/100\n|turn|6\n|\n|t:|1790214794\n|move|p1a: Simisear|Max Knuckle|p2a: Gouging Fire\n|-damage|p2a: Gouging Fire|78/100\n|-boost|p1a: Simisear|atk|1\n|move|p2a: Gouging Fire|Dragon Dance|p2a: Gouging Fire\n|-boost|p2a: Gouging Fire|atk|1\n|-boost|p2a: Gouging Fire|spe|1\n|\n|upkeep\n|turn|7\n|\n|t:|1790214798\n|move|p2a: Gouging Fire|Earthquake|p1a: Simisear\n|-supereffective|p1a: Simisear\n|-damage|p1a: Simisear|0 fnt\n|faint|p1a: Simisear\n|\n|upkeep\n|\n|t:|1790214798\n|switch|p1a: TTR|Rotom-Heat, L89|100/100\n|turn|8\n|\n|t:|1790214801\n|move|p2a: Gouging Fire|Scale Shot|p1a: TTR\n|-damage|p1a: TTR|72/100\n|-damage|p1a: TTR|44/100\n|-damage|p1a: TTR|13/100\n|-damage|p1a: TTR|0 fnt\n|faint|p1a: TTR\n|-hitcount|p1: TTR|4\n|-unboost|p2a: Gouging Fire|def|1\n|-boost|p2a: Gouging Fire|spe|1\n|\n|upkeep\n|\n|t:|1790214801\n|switch|p1a: Gouging Fire|Gouging Fire, L89, shiny|100/100\n|turn|9\n|\n|t:|1790214804\n|move|p2a: Gouging Fire|Dragon Dance|p2a: Gouging Fire\n|-boost|p2a: Gouging Fire|atk|1\n|-boost|p2a: Gouging Fire|spe|1\n|move|p1a: Gouging Fire|Earthquake|p2a: Gouging Fire\n|-supereffective|p2a: Gouging Fire\n|-damage|p2a: Gouging Fire|33/100\n|\n|-fieldend|move: Electric Terrain\n|upkeep\n|turn|10\n|\n|t:|1790214810\n|move|p2a: Gouging Fire|Dragon Dance|p2a: Gouging Fire\n|-boost|p2a: Gouging Fire|atk|1\n|-boost|p2a: Gouging Fire|spe|1\n|move|p1a: Gouging Fire|Earthquake|p2a: Gouging Fire\n|-supereffective|p2a: Gouging Fire\n|-damage|p2a: Gouging Fire|0 fnt\n|faint|p2a: Gouging Fire\n|-end|p2a: Gouging Fire|Protosynthesis|[silent]\n|\n|upkeep\n|\n|t:|1790214812\n|switch|p2a: Infernape|Infernape|100/100\n|turn|11\n|\n|t:|1790214813\n|move|p2a: Infernape|Close Combat|p1a: Gouging Fire\n|-damage|p1a: Gouging Fire|4/100\n|-unboost|p2a: Infernape|def|1\n|-unboost|p2a: Infernape|spd|1\n|move|p1a: Gouging Fire|Earthquake|p2a: Infernape\n|-supereffective|p2a: Infernape\n|-damage|p2a: Infernape|16/100\n|\n|upkeep\n|turn|12\n|\n|t:|1790214817\n|switch|p2a: TTR|Rotom-Heat|100/100\n|move|p1a: Gouging Fire|Earthquake|p2a: TTR\n|-immune|p2a: TTR|[from] ability: Levitate\n|\n|upkeep\n|turn|13\n|\n|t:|1790214820\n|move|p2a: TTR|Thunder Wave|p1a: Gouging Fire\n|-status|p1a: Gouging Fire|par\n|move|p1a: Gouging Fire|Scale Shot|p2a: TTR|[miss]\n|-miss|p1a: Gouging Fire|p2a: TTR\n|\n|upkeep\n|turn|14\n|\n|t:|1790214824\n|move|p2a: TTR|Volt Switch|p1a: Gouging Fire\n|-resisted|p1a: Gouging Fire\n|-damage|p1a: Gouging Fire|0 fnt\n|faint|p1a: Gouging Fire\n|-end|p1a: Gouging Fire|Protosynthesis|[silent]\n|\n|t:|1790214826\n|switch|p2a: Ninetales|Ninetales|100/100|[from] Volt Switch\n|-weather|SunnyDay|[from] ability: Drought|[of] p2a: Ninetales\n|\n|-weather|SunnyDay|[upkeep]\n|upkeep\n|\n|t:|1790214826\n|switch|p1a: Infernape|Infernape, L89|100/100\n|turn|15\n|j|&SlimeQueenSamantha\n|\n|t:|1790214832\n|move|p2a: Ninetales|Healing Wish|p2a: Ninetales\n|faint|p2a: Ninetales\n|move|p1a: Infernape|Close Combat|p2: Ninetales|[notarget]\n|-fail|p1a: Infernape\n|\n|-weather|SunnyDay|[upkeep]\n|upkeep\n|\n|t:|1790214834\n|switch|p2a: Infernape|Infernape|16/100\n|-heal|p2a: Infernape|100/100|[from] move: Healing Wish\n|turn|16\n|\n|t:|1790214838\n|move|p2a: Infernape|Pyre Strike|p1a: Infernape\n|-resisted|p1a: Infernape\n|-damage|p1a: Infernape|0 fnt\n|faint|p1a: Infernape\n|\n|-weather|SunnyDay|[upkeep]\n|upkeep\n|\n|t:|1790214838\n|switch|p1a: Ninetales|Ninetales, L89|100/100\n|turn|17\n|\n|t:|1790214840\n|move|p2a: Infernape|Pyre Strike|p1a: Ninetales\n|-resisted|p1a: Ninetales\n|-damage|p1a: Ninetales|0 fnt\n|faint|p1a: Ninetales\n|\n|win|simia ignis\n",
	"inputlog": ">start {\"formatid\":\"gen9rpbattle\",\"seed\":\"sodium,169e316133b5d246ac57e746c1e896ce\"}\n>player p1 {\"name\":\"Leader ballsack\",\"avatar\":\"102\",\"team\":\"Ninetales||HeatRock|Drought|Encore,SolarBeam,Overheat,HealingWish|Serious|70,70,70,70,70,70|N|29,29,29,29,29,29||89|,,,,,Fire]Infernape||ChoiceBand|CrownofFlame|CloseCombat,Uturn,PyreStrike,IcePunch|Impish|70,70,70,70,70,70|N|29,29,29,29,29,29||89|,,,,,Fire]TTR|RotomHeat|HeavyDutyBoots|Levitate|Defog,VoltSwitch,ThunderWave,Overheat|Careful|70,70,70,70,70,70|N|29,29,29,29,29,29||89|,,,,,Electric]Simisear||ElementalBanana|SolarSurge|CinderRush,SwordsDance,CloseCombat,ThunderPunch|Quiet|70,70,70,70,70,70|N|29,29,29,29,29,29||89|,,,,,Fire]Gouging Fire||LoadedDice|Protosynthesis|ScaleShot,HeatCrash,DragonDance,Earthquake|Bold|70,70,70,70,70,70|N|29,29,29,29,29,29|S|89|,,,,,Fire]Charizard|CharizardMegaY|CharizarditeY|Drought|WeatherBall,SolarBeam,ScorchingSands,Roost|Modest|70,70,70,70,70,70|N|29,29,29,29,29,29|S|91|,,,,,Fire\",\"rating\":0}\n>player p2 {\"name\":\"simia ignis\",\"avatar\":\"simia-ignis.png\",\"team\":\"Ninetales||HeatRock|Drought|Encore,SolarBeam,Overheat,HealingWish|Timid|,,,252,4,252|N|,0,,,,|||,,,,,Fire]Infernape||ChoiceBand|CrownofFlame|CloseCombat,Uturn,pyrestrike,IcePunch|Jolly|4,252,,,,252|N||||,,,,,Fire]TTR|RotomHeat|HeavyDutyBoots|Levitate|Defog,VoltSwitch,ThunderWave,Overheat|Timid|4,,,252,,252|N|,0,,,,|||,,,,,Electric]Simisear||ElementalBanana|SolarSurge|cinderrush,SwordsDance,CloseCombat,ThunderPunch|Jolly|,252,,,4,252|N||||,,,,,Fire]Gouging Fire||LoadedDice|Protosynthesis|ScaleShot,HeatCrash,DragonDance,Earthquake|Adamant|,252,,,4,252|N||S||,,,,,Fire]Charizard|CharizardMegaY|CharizarditeY|Drought|WeatherBall,SolarBeam,ScorchingSands,Roost|Timid|,,,252,8,252|N|,0,,,,|S||,,,,,Fire\",\"rating\":0}\n>chat ☆Leader ballsack|🔒 Mega Evolution, Z-Moves, Dynamax, Terastallization are locked until the story gives ballsack test the item; the battle won't allow them.\n>chat ☆Leader ballsack|Your Showdown team must match your box: only Pokémon you own, at or below their box level, or the battle is called off.\n>chat ☆Leader ballsack|I've been waiting for someone like you!\n>p1 team 6, 2, 1, 5, 4, 3\n>p2 team 5, 2, 3, 4, 1, 6\n>p1 move scorchingsands\n>p2 switch 4\n>p2 switch 6\n>p1 move weatherball\n>p2 move weatherball\n>p1 move weatherball\n>p2 move weatherball\n>p1 move weatherball\n>p2 move weatherball\n>p1 switch 5\n>p1 move thunderpunch dynamax\n>p2 move scorchingsands\n>p2 switch 4\n>p1 move closecombat dynamax\n>p2 move dragondance\n>p1 move closecombat dynamax\n>p2 move earthquake\n>p1 switch 6\n>p1 move thunderwave\n>p2 move scaleshot\n>p1 switch 4\n>p1 move earthquake\n>p2 move dragondance\n>p1 move earthquake\n>p2 move dragondance\n>p2 switch 2\n>p1 move earthquake\n>p2 move closecombat\n>p1 move earthquake\n>p2 switch 3\n>p1 move scaleshot\n>p2 move thunderwave\n>p1 move dragondance\n>p2 move voltswitch\n>p2 switch 5\n>p1 switch 2\n>p1 move closecombat\n>p2 move healingwish\n>p2 switch 3\n>p1 move closecombat\n>p2 move pyrestrike\n>p1 switch 3\n>p1 move encore\n>p2 move pyrestrike",
	"uploadtime": 1790214840
}