{
	"id": "gen9rpou-6-tlvuiv",
	"format": "[Gen 9] RP OU",
	"players": [
		"Bunny Stockfish",
		"SlimeQueenSamantha"
	],
	"rating": null,
	"log": "|j|☆Bunny Stockfish\n|j|☆SlimeQueenSamantha\n|t:|1790278715\n|gametype|singles\n|badge|p1|bronze|gen9rpou|3-3\n|badge|p2|silver|gen9rpou|2-2\n|player|p1|Bunny Stockfish|bunny.png|1359\n|player|p2|SlimeQueenSamantha|queen.png|1438\n|gen|9\n|tier|[Gen 9] RP OU\n|rated|\n|rule|HP Percentage Mod: HP is shown in percentages\n|rule|Endless Battle Clause: Forcing endless battles is banned\n|rule|Species Clause: Limit one of each Pokémon\n|rule|OHKO Clause: OHKO moves are banned\n|rule|Evasion Clause: Evasion abilities, items, and moves are banned\n|rule|Evasion Abilities Clause: Evasion abilities are banned\n|rule|Evasion Items Clause: Evasion items are banned\n|rule|Evasion Moves Clause: Evasion moves are banned\n|rule|Sleep Clause Mod: Limit one foe put to sleep\n|clearpoke\n|poke|p1|Clefable|\n|poke|p1|Kingambit|\n|poke|p1|Espeon|\n|poke|p1|Flareon|\n|poke|p1|Dragonite|\n|poke|p1|Torterra|\n|poke|p2|Banette, F|\n|poke|p2|Ursaluna-Bloodmoon, M|\n|poke|p2|Magearna|\n|poke|p2|Hatterene, F|\n|poke|p2|Kingambit|\n|poke|p2|Stakataka|\n|teampreview\n|c|☆Bunny Stockfish|Good luck! Playing on **stockfish**.\n|\n|t:|1790278718\n|teamsize|p1|6\n|teamsize|p2|6\n|start\n|switch|p1a: Clefable|Clefable|100/100\n|switch|p2a: Banette|Banette, F, shiny|100/100\n|-item|p1a: Clefable|Clefablite|[from] ability: Frisk|[of] p2a: Banette\n|turn|1\n|\n|t:|1790278721\n|detailschange|p2a: Banette|Banette-Mega-Halloween, F, shiny\n|-mega|p2a: Banette|Banette|Banettite-Halloween\n|-ability|p2a: Banette|Witching Hour\n|-message|The Witching Hour has struck! Banette's tricks can't be stopped, not even by Dark types!\n|-message|Banette's Poltergeist became Witch's Snatch!\n|detailschange|p1a: Clefable|Clefable-Mega\n|-mega|p1a: Clefable|Clefable|Clefablite\n|move|p2a: Banette|Witch's Snatch|p1a: Clefable\n|-damage|p1a: Clefable|23/100\n|-start|p1a: Clefable|typeadd|Ghost|[from] move: Witch's Snatch\n|move|p1a: Clefable|Moonblast|p2a: Banette\n|-supereffective|p2a: Banette\n|-damage|p2a: Banette|0 fnt\n|faint|p2a: Banette\n|detailschange|p2: Banette|Banette, F, shiny|[silent]\n|\n|upkeep\n|\n|t:|1790278734\n|switch|p2a: Magearna|Magearna|100/100\n|turn|2\n|\n|t:|1790278736\n|move|p1a: Clefable|Moonlight|p1a: Clefable\n|-heal|p1a: Clefable|73/100\n|move|p2a: Magearna|Trick Room|p2a: Magearna\n|-fieldstart|move: Trick Room|[of] p2a: Magearna\n|\n|upkeep\n|turn|3\n|\n|t:|1790278738\n|move|p2a: Magearna|Flash Cannon|p1a: Clefable\n|-supereffective|p1a: Clefable\n|-damage|p1a: Clefable|0 fnt\n|faint|p1a: Clefable\n|-ability|p2a: Magearna|Soul-Heart|boost\n|-boost|p2a: Magearna|spa|1\n|detailschange|p1: Clefable|Clefable|[silent]\n|\n|upkeep\n|\n|t:|1790278739\n|switch|p1a: Flareon|Flareon|100/100\n|-status|p1a: Flareon|brn|[from] ability: Kindled Fury|[of] p1a: Flareon\n|turn|4\n|\n|t:|1790278745\n|-start|p2a: Magearna|Dynamax|\n|-heal|p2a: Magearna|100/100|[silent]\n|-start|p1a: Flareon|Dynamax|\n|-heal|p1a: Flareon|100/100 brn|[silent]\n|move|p2a: Magearna|Max Starfall|p1a: Flareon\n|-resisted|p1a: Flareon\n|-damage|p1a: Flareon|66/100 brn\n|-fieldstart|move: Misty Terrain\n|move|p1a: Flareon|Max Flare|p2a: Magearna\n|-supereffective|p2a: Magearna\n|-damage|p2a: Magearna|7/100\n|-weather|SunnyDay\n|\n|-weather|SunnyDay|[upkeep]\n|-heal|p2a: Magearna|10/100|[from] item: Leftovers\n|-damage|p1a: Flareon|63/100 brn|[from] brn\n|-ability|p1a: Flareon|Kindled Fury|boost\n|-boost|p1a: Flareon|spe|1\n|upkeep\n|turn|5\n|\n|t:|1790278762\n|move|p2a: Magearna|Max Starfall|p1a: Flareon\n|-resisted|p1a: Flareon\n|-damage|p1a: Flareon|27/100 brn\n|move|p1a: Flareon|Max Lightning|p2a: Magearna\n|-crit|p2a: Magearna\n|-damage|p2a: Magearna|0 fnt\n|-fieldstart|move: Electric Terrain\n|faint|p2a: Magearna\n|\n|-weather|SunnyDay|[upkeep]\n|-damage|p1a: Flareon|24/100 brn|[from] brn\n|-ability|p1a: Flareon|Kindled Fury|boost\n|-boost|p1a: Flareon|spe|1\n|upkeep\n|\n|t:|1790278766\n|switch|p2a: Stakataka|Stakataka|100/100\n|turn|6\n|\n|t:|1790278768\n|move|p2a: Stakataka|Stone Edge|p1a: Flareon|[miss]\n|-miss|p2a: Stakataka|p1a: Flareon\n|move|p1a: Flareon|Max Knuckle|p2a: Stakataka\n|-supereffective|p2a: Stakataka\n|-damage|p2a: Stakataka|0 fnt\n|-boost|p1a: Flareon|atk|1\n|faint|p2a: Stakataka\n|\n|-weather|SunnyDay|[upkeep]\n|-damage|p1a: Flareon|21/100 brn|[from] brn\n|-fieldend|move: Trick Room\n|-ability|p1a: Flareon|Kindled Fury|boost\n|-boost|p1a: Flareon|spe|1\n|upkeep\n|\n|t:|1790278770\n|switch|p2a: Ursaluna|Ursaluna-Bloodmoon, M|100/100\n|-end|p1a: Flareon|Dynamax\n|-heal|p1a: Flareon|21/100 brn|[silent]\n|turn|7\n|\n|t:|1790278772\n|move|p1a: Flareon|Close Combat|p2a: Ursaluna\n|-supereffective|p2a: Ursaluna\n|-damage|p2a: Ursaluna|0 fnt\n|-unboost|p1a: Flareon|def|1\n|-unboost|p1a: Flareon|spd|1\n|faint|p2a: Ursaluna\n|\n|-weather|SunnyDay|[upkeep]\n|-damage|p1a: Flareon|15/100 brn|[from] brn\n|-ability|p1a: Flareon|Kindled Fury|boost\n|-boost|p1a: Flareon|spe|1\n|upkeep\n|\n|t:|1790278775\n|switch|p2a: Hatterene|Hatterene, F|100/100\n|turn|8\n|\n|t:|1790278777\n|switch|p1a: Dragonite|Dragonite|100/100\n|move|p2a: Hatterene|Trick Room|p2a: Hatterene\n|-fieldstart|move: Trick Room|[of] p2a: Hatterene\n|\n|-weather|none\n|upkeep\n|turn|9\n|\n|t:|1790278778\n|move|p2a: Hatterene|Dazzling Gleam|p1a: Dragonite\n|-supereffective|p1a: Dragonite\n|-damage|p1a: Dragonite|53/100\n|move|p1a: Dragonite|Encore|p2a: Hatterene\n|move|p2a: Hatterene|Encore||[from] ability: Magic Bounce|[still]\n|-fail|p2a: Hatterene\n|\n|-fieldend|move: Electric Terrain\n|upkeep\n|turn|10\n|\n|t:|1790278780\n|-terastallize|p1a: Dragonite|Fire\n|move|p2a: Hatterene|Dazzling Gleam|p1a: Dragonite\n|-resisted|p1a: Dragonite\n|-damage|p1a: Dragonite|29/100\n|move|p1a: Dragonite|Fire Punch|p2a: Hatterene\n|-damage|p2a: Hatterene|53/100\n|\n|upkeep\n|turn|11\n|\n|t:|1790278782\n|switch|p1a: Kingambit|Kingambit|100/100\n|-activate|p1a: Kingambit|ability: Supreme Overlord\n|-start|p1a: Kingambit|fallen1|[silent]\n|-item|p1a: Kingambit|Air Balloon\n|move|p2a: Hatterene|Psychic Noise|p1a: Kingambit\n|-immune|p1a: Kingambit\n|\n|upkeep\n|turn|12\n|\n|t:|1790278785\n|move|p2a: Hatterene|Healing Wish|p2a: Hatterene\n|faint|p2a: Hatterene\n|move|p1a: Kingambit|Iron Head|p2: Hatterene|[notarget]\n|-fail|p1a: Kingambit\n|\n|-fieldend|move: Trick Room\n|upkeep\n|\n|t:|1790278787\n|switch|p2a: Kingambit|Kingambit|100/100\n|-activate|p2a: Kingambit|ability: Supreme Overlord\n|-start|p2a: Kingambit|fallen5|[silent]\n|turn|13\n|\n|t:|1790278789\n|move|p1a: Kingambit|Kowtow Cleave|p2a: Kingambit\n|-resisted|p2a: Kingambit\n|-damage|p2a: Kingambit|79/100\n|move|p2a: Kingambit|Swords Dance|p2a: Kingambit\n|-boost|p2a: Kingambit|atk|2\n|\n|-heal|p2a: Kingambit|86/100|[from] item: Leftovers\n|upkeep\n|turn|14\n|\n|t:|1790278791\n|move|p1a: Kingambit|Kowtow Cleave|p2a: Kingambit\n|-resisted|p2a: Kingambit\n|-damage|p2a: Kingambit|66/100\n|move|p2a: Kingambit|Swords Dance|p2a: Kingambit\n|-boost|p2a: Kingambit|atk|2\n|\n|-heal|p2a: Kingambit|73/100|[from] item: Leftovers\n|upkeep\n|turn|15\n|\n|t:|1790278793\n|move|p1a: Kingambit|Kowtow Cleave|p2a: Kingambit\n|-resisted|p2a: Kingambit\n|-damage|p2a: Kingambit|53/100\n|move|p2a: Kingambit|Swords Dance|p2a: Kingambit\n|-boost|p2a: Kingambit|atk|2\n|\n|-heal|p2a: Kingambit|59/100|[from] item: Leftovers\n|upkeep\n|turn|16\n|\n|t:|1790278796\n|-terastallize|p2a: Kingambit|Dark\n|move|p1a: Kingambit|Kowtow Cleave|p2a: Kingambit\n|-resisted|p2a: Kingambit\n|-damage|p2a: Kingambit|39/100\n|move|p2a: Kingambit|Knock Off|p1a: Kingambit\n|-resisted|p1a: Kingambit\n|-damage|p1a: Kingambit|0 fnt\n|-enditem|p1a: Kingambit|Air Balloon\n|faint|p1a: Kingambit\n|-end|p1a: Kingambit|fallen1|[silent]\n|\n|-heal|p2a: Kingambit|46/100|[from] item: Leftovers\n|upkeep\n|\n|t:|1790278797\n|switch|p1a: Torterra|Torterra|100/100\n|turn|17\n|\n|t:|1790278803\n|move|p2a: Kingambit|Sucker Punch|p1a: Torterra\n|-damage|p1a: Torterra|0 fnt\n|faint|p1a: Torterra\n|\n|-heal|p2a: Kingambit|52/100|[from] item: Leftovers\n|upkeep\n|\n|t:|1790278803\n|switch|p1a: Flareon|Flareon|15/100 brn\n|turn|18\n|\n|t:|1790278807\n|move|p2a: Kingambit|Sucker Punch|p1a: Flareon\n|-damage|p1a: Flareon|0 fnt\n|faint|p1a: Flareon\n|\n|-heal|p2a: Kingambit|58/100|[from] item: Leftovers\n|upkeep\n|\n|t:|1790278807\n|switch|p1a: Espeon|Espeon|100/100\n|turn|19\n|\n|t:|1790278809\n|move|p1a: Espeon|Alluring Voice|p2a: Kingambit\n|-supereffective|p2a: Kingambit\n|-damage|p2a: Kingambit|0 fnt\n|faint|p2a: Kingambit\n|-end|p2a: Kingambit|fallen5|[silent]\n|\n|win|Bunny Stockfish\n",
	"inputlog": ">start {\"formatid\":\"gen9rpou\",\"seed\":\"sodium,1da47af5ccd8457ca69cb7e5ec6bec76\",\"rated\":\"Rated battle\"}\n>player p1 {\"name\":\"Bunny Stockfish\",\"avatar\":\"bunny.png\",\"team\":\"Clefable||Clefablite|MagicGuard|StealthRock,Moonblast,Moonlight,ThunderWave|Bold|252,,252,,4,|N|,0,,,,|||,,,,,Water]Kingambit||AirBalloon|SupremeOverlord|CarrionFeast,SuckerPunch,KowtowCleave,IronHead|Adamant|,252,4,,,252|N||||,,,,,Fighting]Espeon||LifeOrb|Prescience|Psyshock,AlluringVoice,ShadowBall,CalmMind|Timid|,,,252,4,252|N|,0,,,,|||,,,,,Fairy]Flareon||ChoiceBand|KindledFury|FlareBlitz,CloseCombat,Facade,SparkScamper|Adamant|,252,4,,,252|N||||,,,,,Normal]Dragonite||LoadedDice|Multiscale|DragonDance,ScaleShot,FirePunch,Encore|Adamant|,252,4,,,252|N||||,,,,,Fire]Torterra||LifeOrb|WorldTurtle|ElderTimber,HeadlongRush,ShellSmash,RockBlast|Adamant|,252,,,4,252|N||||,,,,,Grass\",\"rating\":1359}\n>player p2 {\"name\":\"SlimeQueenSamantha\",\"avatar\":\"queen.png\",\"team\":\"Banette||BanettiteHalloween|Frisk|Poltergeist,ShadowSneak,DestinyBond,twilightexit|Adamant|4,252,,,,252|F||S||,,,,,Ghost]Ursaluna|UrsalunaBloodmoon|Leftovers|MindsEye|CalmMind,BloodMoon,HyperVoice,EarthPower|Modest|252,,4,252,,|M||||,,,,,Normal]Magearna||Leftovers|SoulHeart|TrickRoom,VoltSwitch,FleurCannon,FlashCannon|Quiet|252,,,252,4,|N|,0,,,,|||,,,,,Steel]Hatterene||FocusSash|MagicBounce|TrickRoom,PsychicNoise,DazzlingGleam,HealingWish|Quiet|252,,4,252,,|F|,0,,,,0|||,,,,,Water]Kingambit||Leftovers|SupremeOverlord|KnockOff,SuckerPunch,IronHead,SwordsDance|Adamant|252,252,,,4,|N||||,,,,,Dark]Stakataka||LifeOrb|BeastBoost|TrickRoom,GyroBall,StoneEdge,Earthquake|Lonely|252,252,,,4,|N|,,15,,,0|||,,,,,Rock\",\"rating\":1438}\n>chat ☆Bunny Stockfish|Good luck! Playing on **stockfish**.\n>p1 team 1, 3, 5, 4, 6, 2\n>p2 team 1, 2, 3, 4, 5, 6\n>p1 move moonblast mega\n>p2 move poltergeist mega\n>p2 switch 3\n>p1 move moonlight\n>p2 move trickroom\n>p1 move stealthrock\n>p2 move flashcannon\n>p1 switch 4\n>p1 move flareblitz dynamax\n>p2 move fleurcannon dynamax\n>p1 move sparkscamper dynamax\n>p2 move fleurcannon dynamax\n>p2 switch 6\n>p1 move closecombat dynamax\n>p2 move stoneedge\n>p2 switch 2\n>p1 move closecombat\n>p2 move earthpower\n>p2 switch 4\n>p1 switch 3\n>p2 move trickroom\n>p1 move encore\n>p2 move dazzlinggleam\n>p1 move firepunch terastallize\n>p2 move dazzlinggleam\n>p1 switch 6\n>p2 move psychicnoise\n>p1 move ironhead\n>p2 move healingwish\n>p2 switch 5\n>p1 move kowtowcleave\n>p2 move swordsdance\n>p1 move kowtowcleave\n>p2 move swordsdance\n>p1 move kowtowcleave\n>p2 move swordsdance\n>p1 move kowtowcleave\n>p2 move knockoff terastallize\n>p1 switch 5\n>p1 move eldertimber\n>p2 move suckerpunch\n>p1 switch 3\n>p1 move flareblitz\n>p2 move suckerpunch\n>p1 switch 2\n>p1 move alluringvoice\n>p2 move ironhead",
	"uploadtime": 1790278809
}