{
	"id": "gen9rpou-13-tlj24k",
	"format": "[Gen 9] RP OU",
	"players": [
		"Bunny Stockfish",
		"TheRealWhimsicott"
	],
	"rating": null,
	"log": "|j|☆Bunny Stockfish\n|j|☆TheRealWhimsicott\n|t:|1789683925\n|gametype|singles\n|badge|p1|bronze|gen9rpou|3-3\n|player|p1|Bunny Stockfish|bunny.png|1332\n|player|p2|TheRealWhimsicott|1|1267\n|gen|9\n|tier|[Gen 9] RP OU\n|rated|\n|rule|HP Percentage Mod: HP is shown in percentages\n|rule|Endless Battle Clause: Forcing endless battles is banned\n|rule|Species Clause: Limit one of each Pokémon\n|rule|OHKO Clause: OHKO moves are banned\n|rule|Evasion Clause: Evasion abilities, items, and moves are banned\n|rule|Evasion Abilities Clause: Evasion abilities are banned\n|rule|Evasion Items Clause: Evasion items are banned\n|rule|Evasion Moves Clause: Evasion moves are banned\n|rule|Sleep Clause Mod: Limit one foe put to sleep\n|clearpoke\n|poke|p1|Gholdengo|\n|poke|p1|Corviknight|\n|poke|p1|Walking Wake|\n|poke|p1|Tyranitar|\n|poke|p1|Simipour|\n|poke|p1|Sinistcha-Masterpiece|\n|poke|p2|Kingambit|\n|poke|p2|Haxorus|\n|poke|p2|Pawmot|\n|poke|p2|Glaceon|\n|poke|p2|Tapu Koko|\n|poke|p2|Corviknight|\n|teampreview\n|c|☆Bunny Stockfish|Good luck! Playing on **stockfish**.\n|\n|t:|1789683932\n|teamsize|p1|6\n|teamsize|p2|6\n|start\n|switch|p1a: Simipour|Simipour|100/100\n|switch|p2a: Pawmot|Pawmot|100/100\n|-weather|RainDance|[from] ability: Tidal Surge|[of] p1a: Simipour\n|turn|1\n|\n|t:|1789683938\n|-terastallize|p1a: Simipour|Water\n|-activate|p1a: Simipour|item: Elemental Banana\n|move|p1a: Simipour|Liquidation|p2a: Pawmot\n|-crit|p2a: Pawmot\n|-damage|p2a: Pawmot|0 fnt\n|faint|p2a: Pawmot\n|\n|-weather|RainDance|[upkeep]\n|upkeep\n|\n|t:|1789683957\n|switch|p2a: Glaceon|Glaceon|100/100\n|-weather|Snowscape|[from] ability: Diamond Dust|[of] p2a: Glaceon\n|turn|2\n|\n|t:|1789683959\n|move|p1a: Simipour|Liquidation|p2a: Glaceon\n|-damage|p2a: Glaceon|41/100\n|move|p2a: Glaceon|Freeze-Dry|p1a: Simipour\n|-supereffective|p1a: Simipour\n|-damage|p1a: Simipour|0 fnt\n|faint|p1a: Simipour\n|\n|-weather|Snowscape|[upkeep]\n|upkeep\n|\n|t:|1789683959\n|switch|p1a: Gholdengo|Gholdengo|100/100\n|turn|3\n|\n|t:|1789683966\n|switch|p2a: Corviknight|Corviknight|100/100\n|-ability|p2a: Corviknight|Pressure\n|-start|p1a: Gholdengo|Dynamax|\n|-heal|p1a: Gholdengo|100/100|[silent]\n|move|p1a: Gholdengo|Max Steelspike|p2a: Corviknight\n|-resisted|p2a: Corviknight\n|-damage|p2a: Corviknight|69/100\n|-boost|p1a: Gholdengo|def|1\n|\n|-weather|Snowscape|[upkeep]\n|-heal|p2a: Corviknight|75/100|[from] item: Leftovers\n|upkeep\n|turn|4\n|\n|t:|1789683969\n|move|p1a: Gholdengo|Max Phantasm|p2a: Corviknight\n|-damage|p2a: Corviknight|28/100\n|-unboost|p2a: Corviknight|def|1\n|move|p2a: Corviknight|U-turn|p1a: Gholdengo\n|-resisted|p1a: Gholdengo\n|-damage|p1a: Gholdengo|99/100\n|\n|t:|1789683973\n|switch|p2a: Tapu Koko|Tapu Koko|100/100|[from] U-turn\n|-fieldstart|move: Electric Terrain|[from] ability: Electric Surge|[of] p2a: Tapu Koko\n|\n|-weather|Snowscape|[upkeep]\n|-heal|p1a: Gholdengo|100/100|[from] item: Leftovers\n|upkeep\n|turn|5\n|\n|t:|1789683975\n|move|p2a: Tapu Koko|U-turn|p1a: Gholdengo\n|-resisted|p1a: Gholdengo\n|-damage|p1a: Gholdengo|99/100\n|\n|t:|1789683981\n|switch|p2a: Corviknight|Corviknight|28/100|[from] U-turn\n|-ability|p2a: Corviknight|Pressure\n|move|p1a: Gholdengo|Max Steelspike|p2a: Corviknight\n|-resisted|p2a: Corviknight\n|-crit|p2a: Corviknight\n|-damage|p2a: Corviknight|0 fnt\n|-boost|p1a: Gholdengo|def|1\n|faint|p2a: Corviknight\n|\n|-weather|Snowscape|[upkeep]\n|-heal|p1a: Gholdengo|100/100|[from] item: Leftovers\n|upkeep\n|\n|t:|1789683984\n|switch|p2a: Kingambit|Kingambit|100/100\n|-activate|p2a: Kingambit|ability: Supreme Overlord\n|-start|p2a: Kingambit|fallen2|[silent]\n|-end|p1a: Gholdengo|Dynamax\n|-heal|p1a: Gholdengo|100/100|[silent]\n|turn|6\n|\n|t:|1789683991\n|-terastallize|p2a: Kingambit|Dark\n|move|p2a: Kingambit|Sucker Punch||[still]\n|-fail|p2a: Kingambit\n|move|p1a: Gholdengo|Thunder Wave|p2a: Kingambit\n|-status|p2a: Kingambit|par\n|\n|-weather|none\n|upkeep\n|turn|7\n|\n|t:|1789683996\n|move|p2a: Kingambit|Sucker Punch|p1a: Gholdengo\n|-supereffective|p1a: Gholdengo\n|-damage|p1a: Gholdengo|48/100\n|move|p1a: Gholdengo|Make It Rain|p2a: Kingambit\n|-damage|p2a: Kingambit|50/100 par\n|-unboost|p1a: Gholdengo|spa|1\n|\n|-heal|p1a: Gholdengo|54/100|[from] item: Leftovers\n|upkeep\n|turn|8\n|\n|t:|1789684002\n|switch|p1a: Tyranitar|Tyranitar|100/100\n|-weather|Sandstorm|[from] ability: Sand Stream|[of] p1a: Tyranitar\n|move|p2a: Kingambit|Knock Off|p1a: Tyranitar\n|-resisted|p1a: Tyranitar\n|-damage|p1a: Tyranitar|59/100\n|-enditem|p1a: Tyranitar|Heavy-Duty Boots|[from] move: Knock Off|[of] p2a: Kingambit\n|\n|-weather|Sandstorm|[upkeep]\n|-damage|p2a: Kingambit|44/100 par|[from] Sandstorm\n|upkeep\n|turn|9\n|\n|t:|1789684007\n|move|p1a: Tyranitar|Ice Beam|p2a: Kingambit\n|-damage|p2a: Kingambit|25/100 par\n|move|p2a: Kingambit|Low Kick|p1a: Tyranitar\n|-supereffective|p1a: Tyranitar\n|-damage|p1a: Tyranitar|0 fnt\n|faint|p1a: Tyranitar\n|\n|-weather|Sandstorm|[upkeep]\n|-damage|p2a: Kingambit|19/100 par|[from] Sandstorm\n|upkeep\n|\n|t:|1789684007\n|switch|p1a: Walking Wake|Walking Wake|100/100\n|turn|10\n|\n|t:|1789684012\n|cant|p2a: Kingambit|par\n|move|p1a: Walking Wake|Draco Meteor|p2a: Kingambit|[miss]\n|-miss|p1a: Walking Wake|p2a: Kingambit\n|\n|-weather|Sandstorm|[upkeep]\n|-damage|p1a: Walking Wake|94/100|[from] Sandstorm\n|-damage|p2a: Kingambit|12/100 par|[from] Sandstorm\n|upkeep\n|turn|11\n|\n|t:|1789684014\n|move|p2a: Kingambit|Sucker Punch|p1a: Walking Wake\n|-damage|p1a: Walking Wake|11/100\n|move|p1a: Walking Wake|Draco Meteor|p2a: Kingambit|[miss]\n|-miss|p1a: Walking Wake|p2a: Kingambit\n|\n|-weather|Sandstorm|[upkeep]\n|-damage|p1a: Walking Wake|4/100|[from] Sandstorm\n|-damage|p2a: Kingambit|6/100 par|[from] Sandstorm\n|-fieldend|move: Electric Terrain\n|upkeep\n|turn|12\n|\n|t:|1789684019\n|move|p2a: Kingambit|Sucker Punch|p1a: Walking Wake\n|-damage|p1a: Walking Wake|0 fnt\n|faint|p1a: Walking Wake\n|-end|p1a: Walking Wake|Protosynthesis|[silent]\n|\n|-weather|none\n|upkeep\n|\n|t:|1789684019\n|switch|p1a: Gholdengo|Gholdengo|54/100\n|turn|13\n|\n|t:|1789684021\n|cant|p2a: Kingambit|par\n|move|p1a: Gholdengo|Make It Rain|p2a: Kingambit\n|-damage|p2a: Kingambit|0 fnt\n|-unboost|p1a: Gholdengo|spa|1\n|faint|p2a: Kingambit\n|-end|p2a: Kingambit|fallen2|[silent]\n|\n|-heal|p1a: Gholdengo|60/100|[from] item: Leftovers\n|upkeep\n|\n|t:|1789684023\n|switch|p2a: Haxorus|Haxorus|100/100\n|-ability|p2a: Haxorus|Mold Breaker\n|turn|14\n|\n|t:|1789684024\n|move|p2a: Haxorus|Hone Claws|p2a: Haxorus\n|-boost|p2a: Haxorus|atk|1\n|-boost|p2a: Haxorus|accuracy|1\n|move|p1a: Gholdengo|Make It Rain|p2a: Haxorus\n|-damage|p2a: Haxorus|49/100\n|-unboost|p1a: Gholdengo|spa|1\n|\n|-heal|p1a: Gholdengo|66/100|[from] item: Leftovers\n|upkeep\n|turn|15\n|\n|t:|1789684027\n|move|p2a: Haxorus|Scale Shot|p1a: Gholdengo\n|-resisted|p1a: Gholdengo\n|-damage|p1a: Gholdengo|58/100\n|-resisted|p1a: Gholdengo\n|-damage|p1a: Gholdengo|50/100\n|-resisted|p1a: Gholdengo\n|-damage|p1a: Gholdengo|43/100\n|-resisted|p1a: Gholdengo\n|-damage|p1a: Gholdengo|36/100\n|-hitcount|p1a: Gholdengo|4\n|-unboost|p2a: Haxorus|def|1\n|-boost|p2a: Haxorus|spe|1\n|move|p1a: Gholdengo|Make It Rain|p2a: Haxorus\n|-damage|p2a: Haxorus|5/100\n|-unboost|p1a: Gholdengo|spa|1\n|\n|-heal|p1a: Gholdengo|42/100|[from] item: Leftovers\n|upkeep\n|turn|16\n|\n|t:|1789684029\n|move|p2a: Haxorus|Earthquake|p1a: Gholdengo\n|-supereffective|p1a: Gholdengo\n|-damage|p1a: Gholdengo|0 fnt\n|faint|p1a: Gholdengo\n|\n|upkeep\n|\n|t:|1789684029\n|switch|p1a: Corviknight|Corviknight|100/100\n|-ability|p1a: Corviknight|Unnerve\n|turn|17\n|\n|t:|1789684034\n|move|p2a: Haxorus|Iron Head|p1a: Corviknight\n|-resisted|p1a: Corviknight\n|-damage|p1a: Corviknight|88/100\n|-damage|p2a: Haxorus|0 fnt|[from] item: Rocky Helmet|[of] p1a: Corviknight\n|faint|p2a: Haxorus\n|move|p1a: Corviknight|Brave Bird|p2: Haxorus|[notarget]\n|-fail|p1a: Corviknight\n|\n|upkeep\n|\n|t:|1789684037\n|switch|p2a: Glaceon|Glaceon|41/100\n|-weather|Snowscape|[from] ability: Diamond Dust|[of] p2a: Glaceon\n|turn|18\n|\n|t:|1789684042\n|-start|p2a: Glaceon|Dynamax|\n|-heal|p2a: Glaceon|41/100|[silent]\n|move|p2a: Glaceon|Max Hailstorm|p1a: Corviknight\n|-damage|p1a: Corviknight|6/100\n|move|p1a: Corviknight|Brave Bird|p2a: Glaceon\n|-damage|p2a: Glaceon|28/100\n|-damage|p1a: Corviknight|0 fnt|[from] Recoil\n|faint|p1a: Corviknight\n|\n|-weather|Snowscape|[upkeep]\n|upkeep\n|\n|t:|1789684042\n|switch|p1a: Sinistcha|Sinistcha-Masterpiece|100/100\n|turn|19\n|\n|t:|1789684049\n|move|p2a: Glaceon|Max Hailstorm|p1a: Sinistcha\n|-supereffective|p1a: Sinistcha\n|-damage|p1a: Sinistcha|0 fnt\n|faint|p1a: Sinistcha\n|\n|win|TheRealWhimsicott\n",
	"inputlog": ">start {\"formatid\":\"gen9rpou\",\"seed\":\"sodium,a7277baf1737bb2013fa54e103918684\",\"rated\":\"Rated battle\"}\n>player p1 {\"name\":\"Bunny Stockfish\",\"avatar\":\"bunny.png\",\"team\":\"Gholdengo||Leftovers|GoodasGold|Hex,ThunderWave,Recover,MakeItRain|Bold|252,,196,,,60|N||||,,,,,Fairy]Corviknight||RockyHelmet|Unnerve|BraveBird,Defog,Uturn,Roost|Impish|248,,252,,8,|N||||,,,,,Fighting]Walking Wake||HeavyDutyBoots|Protosynthesis|DracoMeteor,Scald,WaveCharge,FlipTurn|Timid|,,4,252,,252|N||||,,,,,Water]Tyranitar||HeavyDutyBoots|SandStream|StealthRock,KnockOff,IceBeam,ThunderWave|Sassy|252,,16,,240,|N||||,,,,,Flying]Simipour||ElementalBanana|TidalSurge|TorrentRush,Uturn,FlipTurn,Liquidation|Jolly|,252,,,4,252|N||||,,,,,Water]Sinistcha|SinistchaMasterpiece|HeavyDutyBoots|Heatproof|CalmMind,MatchaGotcha,ShadowBall,StrengthSap|Bold|252,,252,,4,|N||||,,,,,Fairy\",\"rating\":1332}\n>player p2 {\"name\":\"TheRealWhimsicott\",\"avatar\":\"1\",\"team\":\"Kingambit||BlackGlasses|SupremeOverlord|KnockOff,LowKick,SuckerPunch,SwordsDance|Adamant|252,252,,,4,|N||||,,,,,Dark]Haxorus||LoadedDice|MoldBreaker|HoneClaws,ScaleShot,Earthquake,IronHead|Jolly|4,252,,,,252|N||||,,,,,Steel]Pawmot||ChoiceBand|IronFist|RevivalBlessing,SparkScamper,CloseCombat,DoubleShock|Jolly|4,252,,,,252|N||||,,,,,Electric]Glaceon||ChoiceSpecs|DiamondDust|EarthPower,FreezeDry,FocusBlast,Blizzard|Modest|,,,252,4,252|N|,0,,,,|||,,,,,Ice]Tapu Koko||TerrainExtender|ElectricSurge|Uturn,Roost,Thunderbolt,DazzlingGleam|Timid|4,,,252,,252|N||||,,,,,Electric]Corviknight||Leftovers|Pressure|Roost,Uturn,Protect,Defog|Impish|252,,252,,4,|N||||,,,,,Flying\",\"rating\":1267}\n>chat ☆Bunny Stockfish|Good luck! Playing on **stockfish**.\n>p1 team 5, 3, 1, 6, 2, 4\n>p2 team 3, 2, 1, 4, 5, 6\n>p1 move liquidation terastallize\n>p2 move doubleshock\n>p2 switch 4\n>p1 move liquidation\n>p2 move freezedry\n>p1 switch 3\n>p1 move makeitrain dynamax\n>p2 switch 6\n>p1 move hex dynamax\n>p2 move uturn\n>p2 switch 5\n>p1 move makeitrain dynamax\n>p2 move uturn\n>p2 switch 5\n>p2 switch 3\n>p1 move thunderwave\n>p2 move suckerpunch terastallize\n>p1 move makeitrain\n>p2 move suckerpunch\n>p1 switch 6\n>p2 move knockoff\n>p1 move icebeam\n>p2 move lowkick\n>p1 switch 2\n>p1 move dracometeor\n>p2 move suckerpunch\n>p1 move dracometeor\n>p2 move suckerpunch\n>p1 move dracometeor\n>p2 move suckerpunch\n>p1 switch 6\n>p1 move makeitrain\n>p2 move suckerpunch\n>p2 switch 2\n>p1 move makeitrain\n>p2 move honeclaws\n>p1 move makeitrain\n>p2 move scaleshot\n>p1 move hex\n>p2 move earthquake\n>p1 switch 5\n>p1 move bravebird\n>p2 move ironhead\n>p2 switch 6\n>p1 move bravebird\n>p2 move blizzard dynamax\n>p1 switch 4\n>p1 move matchagotcha\n>p2 move blizzard dynamax",
	"uploadtime": 1789684049
}