{
	"id": "gen9rpou-20-tlj24k",
	"format": "[Gen 9] RP OU",
	"players": [
		"Bunny Stockfish",
		"TheRealWhimsicott"
	],
	"rating": null,
	"log": "|j|☆Bunny Stockfish\n|j|☆TheRealWhimsicott\n|t:|1789685105\n|gametype|singles\n|badge|p1|bronze|gen9rpou|3-3\n|badge|p2|silver|gen9rpou|2-2\n|player|p1|Bunny Stockfish|bunny.png|1350\n|player|p2|TheRealWhimsicott|1|1350\n|gen|9\n|tier|[Gen 9] RP OU\n|rated|\n|rule|HP Percentage Mod: HP is shown in percentages\n|rule|Endless Battle Clause: Forcing endless battles is banned\n|rule|Species Clause: Limit one of each Pokémon\n|rule|OHKO Clause: OHKO moves are banned\n|rule|Evasion Clause: Evasion abilities, items, and moves are banned\n|rule|Evasion Abilities Clause: Evasion abilities are banned\n|rule|Evasion Items Clause: Evasion items are banned\n|rule|Evasion Moves Clause: Evasion moves are banned\n|rule|Sleep Clause Mod: Limit one foe put to sleep\n|clearpoke\n|poke|p1|Lucario|\n|poke|p1|Clodsire|\n|poke|p1|Walking Wake|\n|poke|p1|Lokix|\n|poke|p1|Sinistcha-Masterpiece|\n|poke|p1|Espeon|\n|poke|p2|Kingambit|\n|poke|p2|Haxorus|\n|poke|p2|Pawmot|\n|poke|p2|Glaceon|\n|poke|p2|Tapu Koko|\n|poke|p2|Corviknight|\n|teampreview\n|c|☆Bunny Stockfish|Good luck! Playing on **stockfish**.\n|\n|t:|1789685122\n|teamsize|p1|6\n|teamsize|p2|6\n|start\n|switch|p1a: Walking Wake|Walking Wake|100/100\n|switch|p2a: Corviknight|Corviknight|100/100\n|-ability|p2a: Corviknight|Pressure\n|turn|1\n|\n|t:|1789685125\n|move|p2a: Corviknight|Protect|p2a: Corviknight\n|-singleturn|p2a: Corviknight|Protect\n|move|p1a: Walking Wake|Surf|p2a: Corviknight\n|-activate|p2a: Corviknight|move: Protect\n|\n|upkeep\n|turn|2\n|\n|t:|1789685131\n|switch|p2a: Haxorus|Haxorus|100/100\n|-ability|p2a: Haxorus|Mold Breaker\n|-start|p1a: Walking Wake|Dynamax|\n|-heal|p1a: Walking Wake|100/100|[silent]\n|move|p1a: Walking Wake|Max Geyser|p2a: Haxorus\n|-resisted|p2a: Haxorus\n|-damage|p2a: Haxorus|47/100\n|-weather|RainDance\n|\n|-weather|RainDance|[upkeep]\n|upkeep\n|turn|3\n|\n|t:|1789685142\n|-start|p2a: Haxorus|Dynamax|\n|-heal|p2a: Haxorus|47/100|[silent]\n|move|p1a: Walking Wake|Max Wyrmwind|p2a: Haxorus\n|-supereffective|p2a: Haxorus\n|-damage|p2a: Haxorus|0 fnt\n|faint|p2a: Haxorus\n|\n|-weather|RainDance|[upkeep]\n|upkeep\n|\n|t:|1789685147\n|switch|p2a: Corviknight|Corviknight|100/100\n|-ability|p2a: Corviknight|Pressure\n|turn|4\n|\n|t:|1789685149\n|move|p2a: Corviknight|Protect|p2a: Corviknight\n|-singleturn|p2a: Corviknight|Protect\n|move|p1a: Walking Wake|Max Geyser|p2a: Corviknight\n|-zbroken|p2a: Corviknight\n|-damage|p2a: Corviknight|77/100\n|\n|-weather|RainDance|[upkeep]\n|-heal|p2a: Corviknight|83/100|[from] item: Leftovers\n|upkeep\n|-end|p1a: Walking Wake|Dynamax\n|-heal|p1a: Walking Wake|100/100|[silent]\n|turn|5\n|\n|t:|1789685151\n|move|p1a: Walking Wake|Surf|p2a: Corviknight\n|-damage|p2a: Corviknight|21/100\n|move|p2a: Corviknight|U-turn|p1a: Walking Wake\n|-damage|p1a: Walking Wake|85/100\n|\n|t:|1789685156\n|switch|p2a: Glaceon|Glaceon|100/100|[from] U-turn\n|-weather|Snowscape|[from] ability: Diamond Dust|[of] p2a: Glaceon\n|\n|-weather|Snowscape|[upkeep]\n|upkeep\n|turn|6\n|\n|t:|1789685163\n|-terastallize|p2a: Glaceon|Ice\n|move|p2a: Glaceon|Freeze-Dry|p1a: Walking Wake\n|-supereffective|p1a: Walking Wake\n|-damage|p1a: Walking Wake|0 fnt\n|faint|p1a: Walking Wake\n|-end|p1a: Walking Wake|Protosynthesis|[silent]\n|\n|-weather|Snowscape|[upkeep]\n|upkeep\n|\n|t:|1789685164\n|switch|p1a: Lucario|Lucario|100/100\n|turn|7\n|\n|t:|1789685169\n|switch|p2a: Corviknight|Corviknight|21/100\n|-ability|p2a: Corviknight|Pressure\n|move|p1a: Lucario|Nasty Plot|p1a: Lucario\n|-boost|p1a: Lucario|spa|2\n|\n|-weather|Snowscape|[upkeep]\n|-heal|p2a: Corviknight|27/100|[from] item: Leftovers\n|upkeep\n|turn|8\n|\n|t:|1789685171\n|move|p2a: Corviknight|Protect|p2a: Corviknight\n|-singleturn|p2a: Corviknight|Protect\n|move|p1a: Lucario|Aura Sphere|p2a: Corviknight\n|-activate|p2a: Corviknight|move: Protect\n|\n|-weather|Snowscape|[upkeep]\n|-heal|p2a: Corviknight|34/100|[from] item: Leftovers\n|upkeep\n|turn|9\n|\n|t:|1789685174\n|-terastallize|p1a: Lucario|Fighting\n|move|p1a: Lucario|Aura Sphere|p2a: Corviknight\n|-damage|p2a: Corviknight|0 fnt\n|faint|p2a: Corviknight\n|\n|-weather|none\n|upkeep\n|\n|t:|1789685181\n|switch|p2a: Pawmot|Pawmot|100/100\n|turn|10\n|\n|t:|1789685183\n|move|p2a: Pawmot|Close Combat|p1a: Lucario\n|-damage|p1a: Lucario|0 fnt\n|-unboost|p2a: Pawmot|def|1\n|-unboost|p2a: Pawmot|spd|1\n|-damage|p2a: Pawmot|84/100|[from] item: Rocky Helmet|[of] p1a: Lucario\n|faint|p1a: Lucario\n|\n|upkeep\n|\n|t:|1789685184\n|switch|p1a: Espeon|Espeon|100/100\n|turn|11\n|\n|t:|1789685188\n|switch|p2a: Kingambit|Kingambit|100/100\n|-activate|p2a: Kingambit|ability: Supreme Overlord\n|-start|p2a: Kingambit|fallen2|[silent]\n|move|p1a: Espeon|Psychic|p2a: Kingambit\n|-immune|p2a: Kingambit\n|\n|upkeep\n|turn|12\n|\n|t:|1789685191\n|move|p1a: Espeon|Alluring Voice|p2a: Kingambit\n|-damage|p2a: Kingambit|66/100\n|move|p2a: Kingambit|Knock Off|p1a: Espeon\n|-supereffective|p1a: Espeon\n|-damage|p1a: Espeon|0 fnt\n|-enditem|p1a: Espeon|Life Orb|[from] move: Knock Off|[of] p2a: Kingambit\n|faint|p1a: Espeon\n|\n|upkeep\n|\n|t:|1789685191\n|switch|p1a: Lokix|Lokix|100/100\n|turn|13\n|\n|t:|1789685197\n|-end|p2a: Kingambit|fallen2|[silent]\n|switch|p2a: Tapu Koko|Tapu Koko|100/100\n|-fieldstart|move: Electric Terrain|[from] ability: Electric Surge|[of] p2a: Tapu Koko\n|move|p1a: Lokix|First Impression|p2a: Tapu Koko\n|-resisted|p2a: Tapu Koko\n|-damage|p2a: Tapu Koko|15/100\n|\n|upkeep\n|turn|14\n|\n|t:|1789685199\n|move|p1a: Lokix|First Impression||[still]\n|-hint|First Impression only works on your first turn out.\n|-fail|p1a: Lokix\n|move|p2a: Tapu Koko|U-turn|p1a: Lokix\n|-supereffective|p1a: Lokix\n|-damage|p1a: Lokix|51/100\n|\n|t:|1789685202\n|switch|p2a: Kingambit|Kingambit|66/100|[from] U-turn\n|-activate|p2a: Kingambit|ability: Supreme Overlord\n|-start|p2a: Kingambit|fallen2|[silent]\n|\n|upkeep\n|turn|15\n|\n|t:|1789685203\n|move|p1a: Lokix|First Impression||[still]\n|-hint|First Impression only works on your first turn out.\n|-fail|p1a: Lokix\n|move|p2a: Kingambit|Swords Dance|p2a: Kingambit\n|-boost|p2a: Kingambit|atk|2\n|\n|upkeep\n|turn|16\n|\n|t:|1789685206\n|move|p1a: Lokix|First Impression||[still]\n|-hint|First Impression only works on your first turn out.\n|-fail|p1a: Lokix\n|move|p2a: Kingambit|Swords Dance|p2a: Kingambit\n|-boost|p2a: Kingambit|atk|2\n|\n|upkeep\n|turn|17\n|\n|t:|1789685207\n|move|p1a: Lokix|First Impression||[still]\n|-hint|First Impression only works on your first turn out.\n|-fail|p1a: Lokix\n|move|p2a: Kingambit|Swords Dance|p2a: Kingambit\n|-boost|p2a: Kingambit|atk|2\n|\n|upkeep\n|turn|18\n|\n|t:|1789685209\n|move|p1a: Lokix|First Impression||[still]\n|-hint|First Impression only works on your first turn out.\n|-fail|p1a: Lokix\n|move|p2a: Kingambit|Knock Off|p1a: Lokix\n|-resisted|p1a: Lokix\n|-damage|p1a: Lokix|0 fnt\n|-enditem|p1a: Lokix|Choice Band|[from] move: Knock Off|[of] p2a: Kingambit\n|faint|p1a: Lokix\n|\n|upkeep\n|\n|t:|1789685209\n|switch|p1a: Clodsire|Clodsire|100/100\n|turn|19\n|\n|t:|1789685212\n|move|p2a: Kingambit|Knock Off|p1a: Clodsire\n|-damage|p1a: Clodsire|8/100\n|-enditem|p1a: Clodsire|Heavy-Duty Boots|[from] move: Knock Off|[of] p2a: Kingambit\n|move|p1a: Clodsire|Earthquake|p2a: Kingambit\n|-supereffective|p2a: Kingambit\n|-damage|p2a: Kingambit|30/100\n|\n|upkeep\n|turn|20\n|\n|t:|1789685214\n|move|p2a: Kingambit|Knock Off|p1a: Clodsire\n|-damage|p1a: Clodsire|0 fnt\n|faint|p1a: Clodsire\n|\n|-fieldend|move: Electric Terrain\n|upkeep\n|\n|t:|1789685214\n|switch|p1a: Sinistcha|Sinistcha-Masterpiece|100/100\n|turn|21\n|\n|t:|1789685217\n|move|p2a: Kingambit|Sucker Punch|p1a: Sinistcha\n|-supereffective|p1a: Sinistcha\n|-damage|p1a: Sinistcha|0 fnt\n|faint|p1a: Sinistcha\n|\n|win|TheRealWhimsicott\n",
	"inputlog": ">start {\"formatid\":\"gen9rpou\",\"seed\":\"sodium,ef7c3284aae01a325f4a8a171eccf2a9\",\"rated\":\"Rated battle\"}\n>player p1 {\"name\":\"Bunny Stockfish\",\"avatar\":\"bunny.png\",\"team\":\"Lucario||RockyHelmet|InnerFocus|FlashCannon,VacuumWave,AuraSphere,NastyPlot|Modest|4,,,252,,252|N||||,,,,,Fighting]Clodsire||HeavyDutyBoots|Unaware|Earthquake,Recover,PoisonJab,Amnesia|Careful|248,,8,,252,|N||||,,,,,Dark]Walking Wake||HeavyDutyBoots|Protosynthesis|DracoMeteor,Surf,WaveCharge,FlipTurn|Timid|,,4,252,,252|N||||,,,,,Fairy]Lokix||ChoiceBand|TintedLens|FirstImpression,Uturn,KnockOff,LeechLife|Adamant|,252,4,,,252|N||||,,,,,Bug]Sinistcha|SinistchaMasterpiece|HeavyDutyBoots|Heatproof|CalmMind,MatchaGotcha,ShadowBall,StrengthSap|Bold|252,,252,,4,|N||||,,,,,Fairy]Espeon||LifeOrb|Prescience|Psychic,AlluringVoice,ShadowBall,CalmMind|Timid|,,,252,4,252|N||||,,,,,Fairy\",\"rating\":1350}\n>player p2 {\"name\":\"TheRealWhimsicott\",\"avatar\":\"1\",\"team\":\"Kingambit||BlackGlasses|SupremeOverlord|KnockOff,IronHead,SuckerPunch,SwordsDance|Adamant|252,252,,,4,|N||||,,,,,Dark]Haxorus||LoadedDice|MoldBreaker|HoneClaws,ScaleShot,Earthquake,IronHead|Jolly|4,252,,,,252|N||||,,,,,Steel]Pawmot||ChoiceBand|IronFist|RevivalBlessing,SparkScamper,CloseCombat,DoubleShock|Jolly|4,252,,,,252|N||||,,,,,Electric]Glaceon||ChoiceSpecs|DiamondDust|EarthPower,FreezeDry,FocusBlast,Blizzard|Modest|,,,252,4,252|N|,0,,,,|||,,,,,Ice]Tapu Koko||TerrainExtender|ElectricSurge|Uturn,BraveBird,Thunderbolt,DazzlingGleam|Timid|4,,,252,,252|N||||,,,,,Electric]Corviknight||Leftovers|Pressure|Roost,Uturn,Protect,IronHead|Impish|252,,252,,4,|N||||,,,,,Flying\",\"rating\":1350}\n>chat ☆Bunny Stockfish|Good luck! Playing on **stockfish**.\n>p1 team 3, 6, 4, 1, 5, 2\n>p2 team 6, 2, 3, 4, 5, 1\n>p1 move surf\n>p2 move protect\n>p1 move surf dynamax\n>p2 switch 2\n>p1 move dracometeor dynamax\n>p2 move scaleshot dynamax\n>p2 switch 2\n>p1 move surf dynamax\n>p2 move protect\n>p1 move surf\n>p2 move uturn\n>p2 switch 4\n>p1 move dracometeor\n>p2 move freezedry terastallize\n>p1 switch 4\n>p1 move nastyplot\n>p2 switch 4\n>p1 move aurasphere\n>p2 move protect\n>p1 move aurasphere terastallize\n>p2 move uturn\n>p2 switch 3\n>p1 move aurasphere\n>p2 move closecombat\n>p1 switch 2\n>p1 move psychic\n>p2 switch 6\n>p1 move alluringvoice\n>p2 move knockoff\n>p1 switch 3\n>p1 move firstimpression\n>p2 switch 5\n>p1 move firstimpression\n>p2 move uturn\n>p2 switch 5\n>p1 move firstimpression\n>p2 move swordsdance\n>p1 move firstimpression\n>p2 move swordsdance\n>p1 move firstimpression\n>p2 move swordsdance\n>p1 move firstimpression\n>p2 move knockoff\n>p1 switch 6\n>p1 move earthquake\n>p2 move knockoff\n>p1 move earthquake\n>p2 move knockoff\n>p1 switch 5\n>p1 move matchagotcha\n>p2 move suckerpunch",
	"uploadtime": 1789685217
}