{
	"id": "gen9rpou-1-tlh7vu",
	"format": "[Gen 9] RP OU",
	"players": [
		"Bunny Champion",
		"SlimeQueenSamantha"
	],
	"rating": null,
	"log": "|j|☆Bunny Champion\n|j|☆SlimeQueenSamantha\n|t:|1789594791\n|gametype|singles\n|player|p1|Bunny Champion|bunny.png|1302\n|player|p2|SlimeQueenSamantha|queen.png|1000\n|gen|9\n|tier|[Gen 9] RP OU\n|rated|\n|rule|HP Percentage Mod: HP is shown in percentages\n|rule|Endless Battle Clause: Forcing endless battles is banned\n|rule|Species Clause: Limit one of each Pokémon\n|rule|OHKO Clause: OHKO moves are banned\n|rule|Evasion Clause: Evasion abilities, items, and moves are banned\n|rule|Evasion Abilities Clause: Evasion abilities are banned\n|rule|Evasion Items Clause: Evasion items are banned\n|rule|Evasion Moves Clause: Evasion moves are banned\n|rule|Sleep Clause Mod: Limit one foe put to sleep\n|clearpoke\n|poke|p1|Hatterene|\n|poke|p1|Great Tusk|\n|poke|p1|Toxapex|\n|poke|p1|Cinderace|\n|poke|p1|Samurott-Hisui|\n|poke|p1|Indeedee|\n|poke|p2|Stakataka|\n|poke|p2|Samurott-Hisui|\n|poke|p2|Kingambit|\n|poke|p2|Hatterene, F|\n|poke|p2|Great Tusk|\n|poke|p2|Banette|\n|teampreview\n|c|☆Bunny Champion|Good luck! Playing on **champion**.\n|\n|t:|1789594800\n|teamsize|p1|6\n|teamsize|p2|6\n|start\n|switch|p1a: Cinderace|Cinderace|100/100\n|switch|p2a: Banette|Banette|100/100\n|turn|1\n|\n|t:|1789594805\n|detailschange|p2a: Banette|Banette-Mega\n|-mega|p2a: Banette|Banette|Banettite\n|-start|p1a: Cinderace|Dynamax|Gmax\n|-heal|p1a: Cinderace|100/100|[silent]\n|move|p1a: Cinderace|G-Max Fireball|p2a: Banette\n|-damage|p2a: Banette|13/100\n|move|p2a: Banette|Trick Room|p2a: Banette\n|-fieldstart|move: Trick Room|[of] p2a: Banette\n|\n|upkeep\n|turn|2\n|\n|t:|1789594818\n|switch|p2a: Stakataka|Stakataka|100/100\n|move|p1a: Cinderace|G-Max Fireball|p2a: Stakataka\n|-damage|p2a: Stakataka|60/100\n|\n|upkeep\n|turn|3\n|\n|t:|1789594822\n|-end|p1a: Cinderace|Dynamax\n|-heal|p1a: Cinderace|100/100|[silent]\n|switch|p1a: Great Tusk|Great Tusk|100/100\n|move|p2a: Stakataka|Earthquake|p1a: Great Tusk\n|-damage|p1a: Great Tusk|69/100\n|-damage|p2a: Stakataka|50/100|[from] item: Life Orb\n|\n|-heal|p1a: Great Tusk|75/100|[from] item: Leftovers\n|upkeep\n|turn|4\n|\n|t:|1789594834\n|switch|p2a: Hatterene|Hatterene, F|100/100\n|move|p1a: Great Tusk|Headlong Rush|p2a: Hatterene\n|-damage|p2a: Hatterene|42/100\n|-unboost|p1a: Great Tusk|def|1\n|-unboost|p1a: Great Tusk|spd|1\n|\n|-heal|p1a: Great Tusk|81/100|[from] item: Leftovers\n|upkeep\n|turn|5\n|\n|t:|1789594843\n|move|p2a: Hatterene|Mystical Fire|p1a: Great Tusk\n|-damage|p1a: Great Tusk|34/100\n|-unboost|p1a: Great Tusk|spa|1\n|move|p1a: Great Tusk|Headlong Rush|p2a: Hatterene\n|-damage|p2a: Hatterene|0 fnt\n|-unboost|p1a: Great Tusk|def|1\n|-unboost|p1a: Great Tusk|spd|1\n|faint|p2a: Hatterene\n|\n|-heal|p1a: Great Tusk|41/100|[from] item: Leftovers\n|-fieldend|move: Trick Room\n|upkeep\n|\n|t:|1789594851\n|switch|p2a: Samurott|Samurott-Hisui|100/100\n|turn|6\n|\n|t:|1789594860\n|move|p1a: Great Tusk|Headlong Rush|p2a: Samurott\n|-damage|p2a: Samurott|44/100\n|-unboost|p1a: Great Tusk|def|1\n|-unboost|p1a: Great Tusk|spd|1\n|move|p2a: Samurott|Razor Shell|p1a: Great Tusk\n|-supereffective|p1a: Great Tusk\n|-crit|p1a: Great Tusk\n|-damage|p1a: Great Tusk|0 fnt\n|faint|p1a: Great Tusk\n|-end|p1a: Great Tusk|Protosynthesis|[silent]\n|\n|upkeep\n|\n|t:|1789594860\n|switch|p1a: Cinderace|Cinderace|100/100\n|turn|7\n|\n|t:|1789594864\n|move|p1a: Cinderace|U-turn|p2a: Samurott\n|-start|p1a: Cinderace|typechange|Bug|[from] ability: Libero\n|-supereffective|p2a: Samurott\n|-damage|p2a: Samurott|0 fnt\n|faint|p2a: Samurott\n|\n|t:|1789594864\n|switch|p1a: Samurott|Samurott-Hisui|100/100|[from] U-turn\n|\n|upkeep\n|\n|t:|1789594868\n|switch|p2a: Banette|Banette-Mega|13/100\n|turn|8\n|\n|t:|1789594870\n|-terastallize|p1a: Samurott|Dark\n|move|p2a: Banette|Destiny Bond|p2a: Banette\n|-singlemove|p2a: Banette|Destiny Bond\n|move|p1a: Samurott|Ceaseless Edge|p2a: Banette\n|-supereffective|p2a: Banette\n|-damage|p2a: Banette|0 fnt\n|-sidestart|p2: SlimeQueenSamantha|Spikes\n|faint|p2a: Banette\n|-activate|p2a: Banette|move: Destiny Bond\n|detailschange|p2: Banette|Banette|[silent]\n|faint|p1a: Samurott\n|\n|upkeep\n|\n|t:|1789594878\n|switch|p1a: Cinderace|Cinderace|100/100\n|switch|p2a: Stakataka|Stakataka|50/100\n|-damage|p2a: Stakataka|38/100|[from] Spikes\n|turn|9\n|\n|t:|1789594881\n|move|p1a: Cinderace|Pyro Ball|p2a: Stakataka\n|-damage|p2a: Stakataka|5/100\n|move|p2a: Stakataka|Trick Room|p2a: Stakataka\n|-fieldstart|move: Trick Room|[of] p2a: Stakataka\n|\n|upkeep\n|turn|10\n|\n|t:|1789594885\n|move|p2a: Stakataka|Earthquake|p1a: Cinderace\n|-supereffective|p1a: Cinderace\n|-damage|p1a: Cinderace|0 fnt\n|faint|p1a: Cinderace\n|-ability|p2a: Stakataka|Beast Boost|boost\n|-boost|p2a: Stakataka|atk|1\n|-damage|p2a: Stakataka|0 fnt|[from] item: Life Orb\n|faint|p2a: Stakataka\n|\n|upkeep\n|\n|t:|1789594889\n|switch|p2a: Kingambit|Kingambit|100/100\n|switch|p1a: Indeedee|Indeedee|100/100\n|-damage|p2a: Kingambit|88/100|[from] Spikes\n|-activate|p2a: Kingambit|ability: Supreme Overlord\n|-start|p2a: Kingambit|fallen4|[silent]\n|-fieldstart|move: Psychic Terrain|[from] ability: Psychic Surge|[of] p1a: Indeedee\n|turn|11\n|\n|t:|1789594893\n|move|p2a: Kingambit|Swords Dance|p2a: Kingambit\n|-boost|p2a: Kingambit|atk|2\n|move|p1a: Indeedee|Expanding Force|p2a: Kingambit\n|-immune|p2a: Kingambit\n|\n|upkeep\n|turn|12\n|\n|t:|1789594896\n|move|p2a: Kingambit|Kowtow Cleave|p1a: Indeedee\n|-supereffective|p1a: Indeedee\n|-damage|p1a: Indeedee|0 fnt\n|faint|p1a: Indeedee\n|\n|upkeep\n|\n|t:|1789594896\n|switch|p1a: Toxapex|Toxapex|100/100\n|turn|13\n|\n|t:|1789594899\n|move|p2a: Kingambit|Kowtow Cleave|p1a: Toxapex\n|-damage|p1a: Toxapex|0 fnt\n|faint|p1a: Toxapex\n|\n|-fieldend|move: Trick Room\n|upkeep\n|\n|t:|1789594899\n|switch|p1a: Hatterene|Hatterene|100/100\n|turn|14\n|\n|t:|1789594902\n|move|p1a: Hatterene|Draining Kiss|p2a: Kingambit\n|-crit|p2a: Kingambit\n|-damage|p2a: Kingambit|56/100\n|move|p2a: Kingambit|Kowtow Cleave|p1a: Hatterene\n|-damage|p1a: Hatterene|0 fnt\n|faint|p1a: Hatterene\n|\n|win|SlimeQueenSamantha\n",
	"inputlog": ">start {\"formatid\":\"gen9rpou\",\"seed\":\"sodium,e691866191332292f736b8a0624c10ac\",\"rated\":\"Rated battle\"}\n>player p1 {\"name\":\"Bunny Champion\",\"avatar\":\"bunny.png\",\"team\":\"Hatterene||Leftovers|MagicBounce|CalmMind,DrainingKiss,PsychicNoise,Nuzzle|Bold|252,,204,,,52|N||||,,,G,,Water]Great Tusk||Leftovers|Protosynthesis|HeadlongRush,IceSpinner,RapidSpin,KnockOff|Jolly|252,4,,,,252|N||||,,,,,Water]Toxapex||Leftovers|Regenerator|Undertow,Toxic,Haze,ToxicSpikes|Impish|248,,252,,8,|N||||,,,,,Steel]Cinderace||HeavyDutyBoots|Libero|PyroBall,Uturn,CourtChange,WillOWisp|Jolly|224,32,,,,252|N||||,,,G,,Ghost]Samurott|SamurottHisui|BlackGlasses|Sharpness|SwordsDance,CeaselessEdge,RazorShell,SuckerPunch|Adamant|,252,4,,,252|N||||,,,,,Dark]Indeedee||TerrainExtender|PsychicSurge|ExpandingForce,HypnoWhirl,HealingWish,TrickRoom|Bold|252,,252,,4,|N|,0,,,,|||,,,,,Fairy\",\"rating\":1302}\n>player p2 {\"name\":\"SlimeQueenSamantha\",\"avatar\":\"queen.png\",\"team\":\"Stakataka||LifeOrb|BeastBoost|TrickRoom,Earthquake,GyroBall,HeatCrash|Lonely|252,252,,,4,|N|,,15,,,0|||,,,,,Rock]Samurott|SamurottHisui|BlackGlasses|Sharpness|CeaselessEdge,KnockOff,RazorShell,SuckerPunch|Adamant|252,252,,,4,|N|,,,,,0|||,,,,,Water]Kingambit||BlackGlasses|SupremeOverlord|SwordsDance,KowtowCleave,Pursuit,SuckerPunch|Brave|252,252,4,,,|N|,,,,,0|||,,,,,Dark]Hatterene||FocusSash|MagicBounce|TrickRoom,HealingWish,MysticalFire,Nuzzle|Sassy|252,4,,,252,|F|,,,,,0|||,,,,,Psychic]Great Tusk||AssaultVest|Protosynthesis|RapidSpin,Earthquake,IceSpinner,KnockOff|Adamant|248,252,,,,8|N||||,,,,,Ground]Banette||Banettite|Prankster|TrickRoom,KnockOff,Encore,DestinyBond|Sassy|252,4,,,252,|N|,,,,,0|||,,,,,Ghost\",\"rating\":1000}\n>chat ☆Bunny Champion|Good luck! Playing on **champion**.\n>p1 team 4, 2, 5, 6, 1, 3\n>p2 team 6, 2, 3, 4, 5, 1\n>p1 move pyroball dynamax\n>p2 move trickroom mega\n>p1 move pyroball dynamax\n>p2 switch 6\n>p1 switch 2\n>p2 move earthquake\n>p1 move headlongrush\n>p2 switch 4\n>p1 move headlongrush\n>p2 move mysticalfire\n>p2 switch 2\n>p1 move headlongrush\n>p2 move razorshell\n>p1 switch 2\n>p1 move uturn\n>p2 move razorshell\n>p1 switch 3\n>p2 switch 6\n>p1 move ceaselessedge terastallize\n>p2 move destinybond\n>p1 switch 3\n>p2 switch 4\n>p1 move pyroball\n>p2 move trickroom\n>p1 move pyroball\n>p2 move earthquake\n>p1 switch 4\n>p2 switch 3\n>p1 move expandingforce\n>p2 move swordsdance\n>p1 move trickroom\n>p2 move kowtowcleave\n>p1 switch 6\n>p1 move haze\n>p2 move kowtowcleave\n>p1 switch 5\n>p1 move drainingkiss\n>p2 move kowtowcleave",
	"uploadtime": 1789594902
}