{
	"id": "gen9rpou-1-tm81yx",
	"format": "[Gen 9] RP OU",
	"players": [
		"Bunny Stockfish",
		"SlimeQueenSamantha"
	],
	"rating": null,
	"log": "|j|☆Bunny Stockfish\n|j|☆SlimeQueenSamantha\n|t:|1790846914\n|gametype|singles\n|badge|p1|bronze|gen9rpou|3-3\n|badge|p2|silver|gen9rpou|2-2\n|player|p1|Bunny Stockfish|bunny.png|1384\n|player|p2|SlimeQueenSamantha|queen.png|1489\n|gen|9\n|tier|[Gen 9] RP OU\n|rated|\n|rule|HP Percentage Mod: HP is shown in percentages\n|rule|Endless Battle Clause: Forcing endless battles is banned\n|rule|Species Clause: Limit one of each Pokémon\n|rule|OHKO Clause: OHKO moves are banned\n|rule|Evasion Clause: Evasion abilities, items, and moves are banned\n|rule|Evasion Abilities Clause: Evasion abilities are banned\n|rule|Evasion Items Clause: Evasion items are banned\n|rule|Evasion Moves Clause: Evasion moves are banned\n|rule|Sleep Clause Mod: Limit one foe put to sleep\n|clearpoke\n|poke|p1|Gyarados|\n|poke|p1|Darkrai|\n|poke|p1|Roserade|\n|poke|p1|Great Tusk|\n|poke|p1|Regieleki|\n|poke|p1|Swampert|\n|poke|p2|Dracozolt|\n|poke|p2|Excadrill|\n|poke|p2|Tyranitar|\n|poke|p2|Hippowdon|\n|poke|p2|Urshifu-*|\n|poke|p2|Ferrothorn|\n|teampreview\n|c|☆Bunny Stockfish|Good luck! Playing on **stockfish**.\n|\n|t:|1790846920\n|teamsize|p1|6\n|teamsize|p2|6\n|start\n|switch|p1a: Great Tusk|Great Tusk|100/100\n|switch|p2a: Urshifu|Urshifu|100/100\n|turn|1\n|\n|t:|1790846926\n|switch|p2a: Hippowdon|Hippowdon|100/100\n|-weather|Sandstorm|[from] ability: Sand Stream|[of] p2a: Hippowdon\n|-terastallize|p1a: Great Tusk|Fighting\n|move|p1a: Great Tusk|Close Combat|p2a: Hippowdon\n|-damage|p2a: Hippowdon|41/100\n|-unboost|p1a: Great Tusk|def|1\n|-unboost|p1a: Great Tusk|spd|1\n|\n|-weather|Sandstorm|[upkeep]\n|-damage|p1a: Great Tusk|94/100|[from] Sandstorm\n|-heal|p2a: Hippowdon|47/100|[from] item: Leftovers\n|upkeep\n|turn|2\n|\n|t:|1790846935\n|move|p1a: Great Tusk|Close Combat|p2a: Hippowdon\n|-damage|p2a: Hippowdon|0 fnt\n|-unboost|p1a: Great Tusk|def|1\n|-unboost|p1a: Great Tusk|spd|1\n|faint|p2a: Hippowdon\n|\n|-weather|Sandstorm|[upkeep]\n|-damage|p1a: Great Tusk|88/100|[from] Sandstorm\n|upkeep\n|\n|t:|1790846939\n|switch|p2a: Dracozolt|Dracozolt|100/100\n|turn|3\n|\n|t:|1790846942\n|move|p2a: Dracozolt|Bolt Beak|p1a: Great Tusk\n|-damage|p1a: Great Tusk|0 fnt\n|faint|p1a: Great Tusk\n|-end|p1a: Great Tusk|Protosynthesis|[silent]\n|-damage|p2a: Dracozolt|91/100|[from] item: Life Orb\n|\n|-weather|Sandstorm|[upkeep]\n|upkeep\n|\n|t:|1790846942\n|switch|p1a: Gyarados|Gyarados|100/100\n|-ability|p1a: Gyarados|Intimidate|boost\n|-unboost|p2a: Dracozolt|atk|1\n|turn|4\n|\n|t:|1790846944\n|detailschange|p1a: Gyarados|Gyarados-Mega\n|-mega|p1a: Gyarados|Gyarados|Gyaradosite\n|-ability|p1a: Gyarados|Mold Breaker\n|move|p2a: Dracozolt|Bolt Beak|p1a: Gyarados\n|-supereffective|p1a: Gyarados\n|-damage|p1a: Gyarados|0 fnt\n|faint|p1a: Gyarados\n|detailschange|p1: Gyarados|Gyarados|[silent]\n|-damage|p2a: Dracozolt|81/100|[from] item: Life Orb\n|\n|-weather|Sandstorm|[upkeep]\n|upkeep\n|\n|t:|1790846945\n|switch|p1a: Darkrai|Darkrai|100/100\n|turn|5\n|\n|t:|1790846951\n|-start|p1a: Darkrai|Dynamax|\n|-heal|p1a: Darkrai|100/100|[silent]\n|move|p2a: Dracozolt|Bolt Beak|p1a: Darkrai\n|-damage|p1a: Darkrai|59/100\n|-damage|p2a: Dracozolt|71/100|[from] item: Life Orb\n|move|p1a: Darkrai|Max Darkness|p2a: Dracozolt\n|-damage|p2a: Dracozolt|0 fnt\n|faint|p2a: Dracozolt\n|-damage|p1a: Darkrai|54/100|[from] item: Life Orb\n|\n|-weather|none\n|upkeep\n|\n|t:|1790846955\n|switch|p2a: Urshifu|Urshifu|100/100\n|turn|6\n|\n|t:|1790846957\n|move|p1a: Darkrai|Max Knuckle|p2a: Urshifu\n|-supereffective|p2a: Urshifu\n|-damage|p2a: Urshifu|0 fnt\n|-boost|p1a: Darkrai|atk|1\n|faint|p2a: Urshifu\n|-damage|p1a: Darkrai|49/100|[from] item: Life Orb\n|\n|upkeep\n|\n|t:|1790846963\n|switch|p2a: Tyranitar|Tyranitar|100/100\n|-weather|Sandstorm|[from] ability: Sand Stream|[of] p2a: Tyranitar\n|turn|7\n|\n|t:|1790846974\n|detailschange|p2a: Tyranitar|Tyranitar-Mega\n|-mega|p2a: Tyranitar|Tyranitar|Tyranitarite\n|move|p1a: Darkrai|Max Knuckle|p2a: Tyranitar\n|-supereffective|p2a: Tyranitar\n|-damage|p2a: Tyranitar|9/100\n|-boost|p1a: Darkrai|atk|1\n|-damage|p1a: Darkrai|44/100|[from] item: Life Orb\n|move|p2a: Tyranitar|Knock Off|p1a: Darkrai\n|-resisted|p1a: Darkrai\n|-damage|p1a: Darkrai|22/100\n|-enditem|p1a: Darkrai|Life Orb|[from] move: Knock Off|[of] p2a: Tyranitar\n|\n|-weather|Sandstorm|[upkeep]\n|-damage|p1a: Darkrai|19/100|[from] Sandstorm\n|upkeep\n|-end|p1a: Darkrai|Dynamax\n|-heal|p1a: Darkrai|19/100|[silent]\n|turn|8\n|\n|t:|1790846977\n|move|p1a: Darkrai|Nasty Plot|p1a: Darkrai\n|-boost|p1a: Darkrai|spa|2\n|move|p2a: Tyranitar|Knock Off|p1a: Darkrai\n|-resisted|p1a: Darkrai\n|-damage|p1a: Darkrai|0 fnt\n|faint|p1a: Darkrai\n|\n|-weather|Sandstorm|[upkeep]\n|upkeep\n|\n|t:|1790846977\n|switch|p1a: Swampert|Swampert|100/100\n|turn|9\n|\n|t:|1790846979\n|move|p1a: Swampert|Stealth Rock|p2a: Tyranitar\n|-sidestart|p2: SlimeQueenSamantha|move: Stealth Rock\n|move|p2a: Tyranitar|Knock Off|p1a: Swampert\n|-damage|p1a: Swampert|29/100\n|-enditem|p1a: Swampert|Life Orb|[from] move: Knock Off|[of] p2a: Tyranitar\n|\n|-weather|Sandstorm|[upkeep]\n|upkeep\n|turn|10\n|\n|t:|1790846982\n|move|p2a: Tyranitar|Knock Off|p1a: Swampert\n|-damage|p1a: Swampert|0 fnt\n|faint|p1a: Swampert\n|\n|-weather|Sandstorm|[upkeep]\n|upkeep\n|\n|t:|1790846982\n|switch|p1a: Roserade|Roserade|100/100\n|-ability|p1a: Roserade|Masquerade\n|-start|p2a: Tyranitar|move: Taunt\n|turn|11\n|\n|t:|1790846986\n|switch|p1a: Regieleki|Regieleki|100/100\n|switch|p2a: Ferrothorn|Ferrothorn|100/100\n|-damage|p2a: Ferrothorn|94/100|[from] Stealth Rock\n|\n|-weather|none\n|-heal|p2a: Ferrothorn|100/100|[from] item: Leftovers\n|upkeep\n|turn|12\n|\n|t:|1790846988\n|move|p1a: Regieleki|Volt Switch|p2a: Ferrothorn\n|-resisted|p2a: Ferrothorn\n|-damage|p2a: Ferrothorn|78/100\n|\n|t:|1790846988\n|switch|p1a: Roserade|Roserade|100/100|[from] Volt Switch\n|-ability|p1a: Roserade|Masquerade\n|-start|p2a: Ferrothorn|move: Taunt\n|cant|p2a: Ferrothorn|move: Taunt|Spikes\n|\n|-heal|p2a: Ferrothorn|85/100|[from] item: Leftovers\n|upkeep\n|turn|13\n|\n|t:|1790846993\n|move|p1a: Roserade|Spikes|p2a: Ferrothorn\n|-sidestart|p2: SlimeQueenSamantha|Spikes\n|move|p2a: Ferrothorn|Gyro Ball|p1a: Roserade\n|-damage|p1a: Roserade|20/100\n|\n|-heal|p1a: Roserade|26/100|[from] item: Leftovers\n|-heal|p2a: Ferrothorn|91/100|[from] item: Leftovers\n|upkeep\n|turn|14\n|\n|t:|1790846995\n|move|p1a: Roserade|Thorned Bouquet|p2a: Ferrothorn\n|-resisted|p2a: Ferrothorn\n|-damage|p2a: Ferrothorn|83/100\n|-heal|p1a: Roserade|31/100|[from] drain|[of] p2a: Ferrothorn\n|move|p2a: Ferrothorn|Gyro Ball|p1a: Roserade\n|-damage|p1a: Roserade|0 fnt\n|faint|p1a: Roserade\n|\n|-heal|p2a: Ferrothorn|89/100|[from] item: Leftovers\n|-end|p2a: Ferrothorn|move: Taunt\n|upkeep\n|\n|t:|1790846995\n|switch|p1a: Regieleki|Regieleki|100/100\n|turn|15\n|\n|t:|1790846998\n|move|p1a: Regieleki|Explosion|p2a: Ferrothorn\n|-resisted|p2a: Ferrothorn\n|-damage|p2a: Ferrothorn|72/100\n|faint|p1a: Regieleki\n|\n|win|SlimeQueenSamantha\n",
	"inputlog": ">start {\"formatid\":\"gen9rpou\",\"seed\":\"sodium,c4cc76adc7d946f0507730f213e4de11\",\"rated\":\"Rated battle\"}\n>player p1 {\"name\":\"Bunny Stockfish\",\"avatar\":\"bunny.png\",\"team\":\"Gyarados||Gyaradosite|Intimidate|Waterfall,DragonDance,WaveCharge,Earthquake|Jolly|,252,,,4,252|N||||,,,,,Ground]Darkrai||LifeOrb|BadDreams|NastyPlot,DarkPulse,SludgeBomb,FocusBlast|Timid|,,,252,4,252|N|,0,,,,|||,,,,,Poison]Roserade||Leftovers|Masquerade|ThornedBouquet,SludgeBomb,SolarNectar,Spikes|Timid|,,,252,4,252|N|,0,,,,|||,,,,,Water]Great Tusk||ChoiceScarf|Protosynthesis|HeadlongRush,CloseCombat,IceSpinner,RapidSpin|Jolly|,252,4,,,252|N||||,,,,,Fighting]Regieleki||ChoiceSpecs|Transistor|AncientPower,HiddenPower,VoltSwitch,Explosion|Timid|,,,252,4,252|N||||,Dark,,,,Normal]Swampert||LifeOrb|Torrent|KnockOff,WaveCharge,Surf,StealthRock|Modest|,,,252,4,252|N||||,,,,,Fairy\",\"rating\":1384}\n>player p2 {\"name\":\"SlimeQueenSamantha\",\"avatar\":\"queen.png\",\"team\":\"Dracozolt||LifeOrb|SandRush|BoltBeak,DracoMeteor,Earthquake,FireBlast|Naughty|,148,,176,,184|N||||,,,,,Electric]Excadrill||SteeliumZ|SandRush|SwordsDance,Earthquake,IronHead,RockSlide|Jolly|,252,,,4,252|N||||,,,,,Ground]Tyranitar||Tyranitarite|SandStream|KnockOff,Pursuit,StoneEdge,IcePunch|Adamant|92,252,,,,164|N||||,,,,,Rock]Hippowdon||Leftovers|SandStream|Earthquake,SlackOff,StealthRock,Toxic|Careful|252,8,,,248,|N|,0,,,,|||,,,,,Ground]Urshifu||BlackGlasses|UnseenFist|WickedBlow,CloseCombat,SuckerPunch,SwordsDance|Adamant|,252,4,,,252|N||||,,,,,Dark]Ferrothorn||Leftovers|IronBarbs|Spikes,GyroBall,PowerWhip,LeechSeed|Relaxed|252,4,52,,200,|N|,,,,,0|||,,,,,Grass\",\"rating\":1489}\n>chat ☆Bunny Stockfish|Good luck! Playing on **stockfish**.\n>p1 team 4, 5, 2, 3, 1, 6\n>p2 team 5, 2, 3, 4, 1, 6\n>p1 move closecombat terastallize\n>p2 switch 4\n>p1 move closecombat\n>p2 move stealthrock\n>p2 switch 5\n>p1 move closecombat\n>p2 move boltbeak\n>p1 switch 5\n>p1 move dragondance mega\n>p2 move boltbeak\n>p1 switch 3\n>p1 move darkpulse dynamax\n>p2 move boltbeak\n>p2 switch 4\n>p1 move focusblast dynamax\n>p2 move swordsdance\n>p2 switch 3\n>p1 move focusblast dynamax\n>p2 move knockoff mega\n>p1 move nastyplot\n>p2 move knockoff\n>p1 switch 6\n>p1 move stealthrock\n>p2 move knockoff\n>p1 move stealthrock\n>p2 move knockoff\n>p1 switch 4\n>p1 switch 2\n>p2 switch 6\n>p1 move voltswitch\n>p2 move spikes\n>p1 switch 2\n>p1 move spikes\n>p2 move gyroball\n>p1 move thornedbouquet\n>p2 move gyroball\n>p1 switch 2\n>p1 move explosion\n>p2 move powerwhip",
	"uploadtime": 1790846998
}