{
	"id": "gen9rpou-5-tm5heg",
	"format": "[Gen 9] RP OU",
	"players": [
		"Bunny Stockfish",
		"SlimeQueenSamantha"
	],
	"rating": null,
	"log": "|j|☆Bunny Stockfish\n|j|☆SlimeQueenSamantha\n|t:|1790730456\n|gametype|singles\n|badge|p1|bronze|gen9rpou|3-3\n|badge|p2|silver|gen9rpou|2-2\n|player|p1|Bunny Stockfish|bunny.png|1355\n|player|p2|SlimeQueenSamantha|queen.png|1439\n|gen|9\n|tier|[Gen 9] RP OU\n|rated|\n|rule|HP Percentage Mod: HP is shown in percentages\n|rule|Endless Battle Clause: Forcing endless battles is banned\n|rule|Species Clause: Limit one of each Pokémon\n|rule|OHKO Clause: OHKO moves are banned\n|rule|Evasion Clause: Evasion abilities, items, and moves are banned\n|rule|Evasion Abilities Clause: Evasion abilities are banned\n|rule|Evasion Items Clause: Evasion items are banned\n|rule|Evasion Moves Clause: Evasion moves are banned\n|rule|Sleep Clause Mod: Limit one foe put to sleep\n|clearpoke\n|poke|p1|Samurott-Hisui|\n|poke|p1|Haxorus|\n|poke|p1|Togekiss|\n|poke|p1|Glaceon|\n|poke|p1|Gholdengo|\n|poke|p1|Espeon|\n|poke|p2|Lugia|\n|poke|p2|Blissey|\n|poke|p2|Registeel|\n|poke|p2|Umbreon|\n|poke|p2|Spiritomb|\n|poke|p2|Clodsire|\n|teampreview\n|c|☆Bunny Stockfish|Good luck! Playing on **stockfish**.\n|\n|t:|1790730462\n|teamsize|p1|6\n|teamsize|p2|6\n|start\n|switch|p1a: Samurott|Samurott-Hisui|100/100\n|switch|p2a: Blissey|Blissey|100/100\n|turn|1\n|\n|t:|1790730464\n|-start|p1a: Samurott|Dynamax|\n|-heal|p1a: Samurott|100/100|[silent]\n|move|p1a: Samurott|Max Knuckle|p2a: Blissey\n|-supereffective|p2a: Blissey\n|-damage|p2a: Blissey|54/100\n|-boost|p1a: Samurott|atk|1\n|move|p2a: Blissey|Stealth Rock|p1a: Samurott\n|-sidestart|p1: Bunny Stockfish|move: Stealth Rock\n|\n|upkeep\n|turn|2\n|\n|t:|1790730474\n|switch|p2a: Clodsire|Clodsire|100/100\n|move|p1a: Samurott|Max Geyser|p2a: Clodsire\n|-immune|p2a: Clodsire|[from] ability: Water Absorb\n|\n|upkeep\n|turn|3\n|\n|t:|1790730479\n|move|p1a: Samurott|Max Darkness|p2a: Clodsire\n|-damage|p2a: Clodsire|34/100\n|-unboost|p2a: Clodsire|spd|1\n|move|p2a: Clodsire|Toxic Spikes|p1a: Samurott\n|-sidestart|p1: Bunny Stockfish|move: Toxic Spikes\n|\n|upkeep\n|-end|p1a: Samurott|Dynamax\n|-heal|p1a: Samurott|100/100|[silent]\n|turn|4\n|\n|t:|1790730485\n|switch|p2a: Umbreon|Umbreon|100/100\n|move|p1a: Samurott|Knock Off|p2a: Umbreon\n|-resisted|p2a: Umbreon\n|-damage|p2a: Umbreon|73/100\n|-enditem|p2a: Umbreon|Leftovers|[from] move: Knock Off|[of] p1a: Samurott\n|\n|upkeep\n|turn|5\n|\n|t:|1790730492\n|switch|p1a: Haxorus|Haxorus|100/100\n|-damage|p1a: Haxorus|88/100|[from] Stealth Rock\n|-status|p1a: Haxorus|psn\n|-ability|p1a: Haxorus|Mold Breaker\n|move|p2a: Umbreon|Wish|p2a: Umbreon\n|\n|-damage|p1a: Haxorus|76/100 psn|[from] psn\n|upkeep\n|turn|6\n|\n|t:|1790730495\n|move|p1a: Haxorus|Close Combat|p2a: Umbreon\n|-supereffective|p2a: Umbreon\n|-damage|p2a: Umbreon|0 fnt\n|-unboost|p1a: Haxorus|def|1\n|-unboost|p1a: Haxorus|spd|1\n|faint|p2a: Umbreon\n|\n|-damage|p1a: Haxorus|64/100 psn|[from] psn\n|upkeep\n|\n|t:|1790730499\n|switch|p2a: Clodsire|Clodsire|34/100\n|turn|7\n|\n|t:|1790730502\n|move|p1a: Haxorus|Outrage|p2a: Clodsire\n|-damage|p2a: Clodsire|0 fnt\n|faint|p2a: Clodsire\n|\n|-damage|p1a: Haxorus|51/100 psn|[from] psn\n|upkeep\n|\n|t:|1790730509\n|switch|p2a: Spiritomb|Spiritomb, shiny|100/100\n|turn|8\n|\n|t:|1790730510\n|move|p1a: Haxorus|Outrage|p2a: Spiritomb|[from] lockedmove\n|-damage|p2a: Spiritomb|37/100\n|-start|p1a: Haxorus|confusion|[fatigue]\n|move|p2a: Spiritomb|Strength Sap|p1a: Haxorus\n|-unboost|p1a: Haxorus|atk|1\n|-heal|p2a: Spiritomb|100/100\n|\n|-damage|p1a: Haxorus|39/100 psn|[from] psn\n|upkeep\n|turn|9\n|\n|t:|1790730515\n|switch|p1a: Samurott|Samurott-Hisui|100/100\n|-damage|p1a: Samurott|88/100|[from] Stealth Rock\n|-status|p1a: Samurott|psn\n|move|p2a: Spiritomb|Strength Sap|p1a: Samurott\n|-unboost|p1a: Samurott|atk|1\n|\n|-damage|p1a: Samurott|76/100 psn|[from] psn\n|upkeep\n|turn|10\n|\n|t:|1790730518\n|move|p1a: Samurott|Aqua Cutter|p2a: Spiritomb\n|-damage|p2a: Spiritomb|73/100\n|move|p2a: Spiritomb|Strength Sap|p1a: Samurott\n|-unboost|p1a: Samurott|atk|1\n|-heal|p2a: Spiritomb|100/100\n|\n|-damage|p1a: Samurott|63/100 psn|[from] psn\n|upkeep\n|turn|11\n|\n|t:|1790730520\n|move|p1a: Samurott|Aqua Cutter|p2a: Spiritomb\n|-damage|p2a: Spiritomb|82/100\n|move|p2a: Spiritomb|Parting Shot|p1a: Samurott\n|-unboost|p1a: Samurott|atk|1\n|-unboost|p1a: Samurott|spa|1\n|\n|t:|1790730525\n|switch|p2a: Registeel|Registeel|100/100|[from] Parting Shot\n|\n|-damage|p1a: Samurott|51/100 psn|[from] psn\n|upkeep\n|turn|12\n|\n|t:|1790730528\n|switch|p1a: Gholdengo|Gholdengo|100/100\n|-damage|p1a: Gholdengo|94/100|[from] Stealth Rock\n|move|p2a: Registeel|Iron Defense|p2a: Registeel\n|-boost|p2a: Registeel|def|2\n|\n|upkeep\n|turn|13\n|\n|t:|1790730529\n|move|p1a: Gholdengo|Shadow Ball|p2a: Registeel\n|-damage|p2a: Registeel|80/100\n|move|p2a: Registeel|Amnesia|p2a: Registeel\n|-boost|p2a: Registeel|spd|2\n|\n|-heal|p2a: Registeel|86/100|[from] item: Leftovers\n|upkeep\n|turn|14\n|\n|t:|1790730532\n|move|p1a: Gholdengo|Shadow Ball|p2a: Registeel\n|-damage|p2a: Registeel|75/100\n|move|p2a: Registeel|Amnesia|p2a: Registeel\n|-boost|p2a: Registeel|spd|2\n|\n|-heal|p2a: Registeel|82/100|[from] item: Leftovers\n|upkeep\n|turn|15\n|\n|t:|1790730533\n|move|p1a: Gholdengo|Shadow Ball|p2a: Registeel\n|-damage|p2a: Registeel|74/100\n|-unboost|p2a: Registeel|spd|1\n|move|p2a: Registeel|Amnesia|p2a: Registeel\n|-boost|p2a: Registeel|spd|2\n|\n|-heal|p2a: Registeel|80/100|[from] item: Leftovers\n|upkeep\n|turn|16\n|\n|t:|1790730534\n|move|p1a: Gholdengo|Shadow Ball|p2a: Registeel\n|-damage|p2a: Registeel|73/100\n|-unboost|p2a: Registeel|spd|1\n|move|p2a: Registeel|Iron Defense|p2a: Registeel\n|-boost|p2a: Registeel|def|2\n|\n|-heal|p2a: Registeel|79/100|[from] item: Leftovers\n|upkeep\n|turn|17\n|\n|t:|1790730536\n|move|p1a: Gholdengo|Shadow Ball|p2a: Registeel\n|-damage|p2a: Registeel|71/100\n|move|p2a: Registeel|Amnesia|p2a: Registeel\n|-boost|p2a: Registeel|spd|2\n|\n|-heal|p2a: Registeel|77/100|[from] item: Leftovers\n|upkeep\n|turn|18\n|\n|t:|1790730538\n|move|p1a: Gholdengo|Shadow Ball|p2a: Registeel\n|-damage|p2a: Registeel|72/100\n|move|p2a: Registeel|Iron Defense|p2a: Registeel\n|-boost|p2a: Registeel|def|2\n|\n|-heal|p2a: Registeel|78/100|[from] item: Leftovers\n|upkeep\n|turn|19\n|\n|t:|1790730539\n|move|p1a: Gholdengo|Shadow Ball|p2a: Registeel\n|-crit|p2a: Registeel\n|-damage|p2a: Registeel|43/100\n|move|p2a: Registeel|Slack Off|p2a: Registeel\n|-heal|p2a: Registeel|93/100\n|\n|-heal|p2a: Registeel|99/100|[from] item: Leftovers\n|upkeep\n|turn|20\n|\n|t:|1790730541\n|move|p1a: Gholdengo|Shadow Ball|p2a: Registeel\n|-crit|p2a: Registeel\n|-damage|p2a: Registeel|64/100\n|move|p2a: Registeel|Velvet Press|p1a: Gholdengo\n|-resisted|p1a: Gholdengo\n|-damage|p1a: Gholdengo|9/100\n|\n|-heal|p2a: Registeel|70/100|[from] item: Leftovers\n|upkeep\n|turn|21\n|\n|t:|1790730545\n|switch|p1a: Togekiss|Togekiss|100/100\n|move|p2a: Registeel|Slack Off|p2a: Registeel\n|-heal|p2a: Registeel|100/100\n|\n|upkeep\n|turn|22\n|\n|t:|1790730547\n|move|p1a: Togekiss|Nasty Plot|p1a: Togekiss\n|-boost|p1a: Togekiss|spa|2\n|move|p2a: Registeel|Velvet Press|p1a: Togekiss\n|-damage|p1a: Togekiss|0 fnt\n|faint|p1a: Togekiss\n|\n|upkeep\n|\n|t:|1790730547\n|switch|p1a: Espeon|Espeon|100/100\n|-status|p1a: Espeon|psn\n|turn|23\n|\n|t:|1790730549\n|move|p1a: Espeon|Calm Mind|p1a: Espeon\n|-boost|p1a: Espeon|spa|1\n|-boost|p1a: Espeon|spd|1\n|move|p2a: Registeel|Velvet Press|p1a: Espeon\n|-damage|p1a: Espeon|0 fnt\n|faint|p1a: Espeon\n|\n|upkeep\n|\n|t:|1790730549\n|switch|p1a: Glaceon|Glaceon|100/100\n|-damage|p1a: Glaceon|76/100|[from] Stealth Rock\n|-status|p1a: Glaceon|psn\n|-weather|Snowscape|[from] ability: Diamond Dust|[of] p1a: Glaceon\n|turn|24\n|\n|t:|1790730551\n|move|p1a: Glaceon|Velvet Guard|p1a: Glaceon\n|-boost|p1a: Glaceon|spd|3\n|move|p2a: Registeel|Velvet Press|p1a: Glaceon\n|-damage|p1a: Glaceon|0 fnt\n|faint|p1a: Glaceon\n|\n|-weather|Snowscape|[upkeep]\n|upkeep\n|\n|t:|1790730551\n|switch|p1a: Samurott|Samurott-Hisui|51/100 psn\n|-damage|p1a: Samurott|38/100 psn|[from] Stealth Rock\n|turn|25\n|\n|t:|1790730556\n|move|p1a: Samurott|Sacred Sword|p2a: Registeel\n|-supereffective|p2a: Registeel\n|-damage|p2a: Registeel|48/100\n|move|p2a: Registeel|Velvet Press|p1a: Samurott\n|-supereffective|p1a: Samurott\n|-damage|p1a: Samurott|0 fnt\n|faint|p1a: Samurott\n|\n|-weather|Snowscape|[upkeep]\n|-heal|p2a: Registeel|54/100|[from] item: Leftovers\n|upkeep\n|\n|t:|1790730556\n|switch|p1a: Gholdengo|Gholdengo|9/100\n|-damage|p1a: Gholdengo|3/100|[from] Stealth Rock\n|turn|26\n|\n|t:|1790730560\n|move|p1a: Gholdengo|Shadow Ball|p2a: Registeel\n|-damage|p2a: Registeel|48/100\n|-unboost|p2a: Registeel|spd|1\n|move|p2a: Registeel|Slack Off|p2a: Registeel\n|-heal|p2a: Registeel|98/100\n|\n|-weather|Snowscape|[upkeep]\n|-heal|p2a: Registeel|100/100|[from] item: Leftovers\n|upkeep\n|turn|27\n|\n|t:|1790730561\n|move|p1a: Gholdengo|Shadow Ball|p2a: Registeel\n|-damage|p2a: Registeel|94/100\n|move|p2a: Registeel|Velvet Press|p1a: Gholdengo\n|-resisted|p1a: Gholdengo\n|-damage|p1a: Gholdengo|0 fnt\n|faint|p1a: Gholdengo\n|\n|-weather|Snowscape|[upkeep]\n|-heal|p2a: Registeel|99/100|[from] item: Leftovers\n|upkeep\n|\n|t:|1790730561\n|switch|p1a: Haxorus|Haxorus|39/100 psn\n|-damage|p1a: Haxorus|27/100 psn|[from] Stealth Rock\n|-ability|p1a: Haxorus|Mold Breaker\n|turn|28\n|\n|t:|1790730563\n|move|p1a: Haxorus|Close Combat|p2a: Registeel\n|-supereffective|p2a: Registeel\n|-damage|p2a: Registeel|83/100\n|-unboost|p1a: Haxorus|def|1\n|-unboost|p1a: Haxorus|spd|1\n|move|p2a: Registeel|Velvet Press|p1a: Haxorus\n|-supereffective|p1a: Haxorus\n|-damage|p1a: Haxorus|0 fnt\n|faint|p1a: Haxorus\n|\n|win|SlimeQueenSamantha\n",
	"inputlog": ">start {\"formatid\":\"gen9rpou\",\"seed\":\"sodium,f4d2c05d1d91283f80e5123c7fad562e\",\"rated\":\"Rated battle\"}\n>player p1 {\"name\":\"Bunny Stockfish\",\"avatar\":\"bunny.png\",\"team\":\"Samurott|SamurottHisui|ChoiceScarf|Sharpness|CeaselessEdge,AquaCutter,KnockOff,SacredSword|Jolly|,252,4,,,252|N||||,,,,,Dark]Haxorus||LoadedDice|MoldBreaker|Earthquake,Outrage,CloseCombat,DragonDance|Adamant|,252,,,4,252|N||||,,,,,Electric]Togekiss||HeavyDutyBoots|SereneGrace|AirSlash,NastyPlot,AlluringVoice,VelvetPress|Modest|252,,,252,4,|N|,0,,,,|||,,,,,Fairy]Glaceon||LifeOrb|DiamondDust|FreezeDry,EarthPower,VelvetGuard,Blizzard|Timid|,,,252,4,252|N|,0,,,,|||,,,,,Ice]Gholdengo||ChoiceScarf|GoodasGold|ShadowBall,MakeItRain,HiddenPower,FlashCannon|Timid|,,,252,4,252|N||||,Dark,,,,Fighting]Espeon||LifeOrb|Prescience|Psyshock,AlluringVoice,ShadowBall,CalmMind|Timid|,,,252,4,252|N|,0,,,,|||,,,,,Fairy\",\"rating\":1355}\n>player p2 {\"name\":\"SlimeQueenSamantha\",\"avatar\":\"queen.png\",\"team\":\"Lugia||HeavyDutyBoots|Multiscale|CalmMind,AirSlash,EarthPower,Recover|Timid|248,,8,,,252|N|,0,,,,|||,,,,,Ground]Blissey||HeavyDutyBoots|Caretaker|SoftBoiled,StealthRock,Toxic,SeismicToss|Bold|252,,252,,4,|N|,0,,,,|||,,,,,Water]Registeel||Leftovers|Unaware|SlackOff,IronDefense,Amnesia,velvetpress|Calm|252,,,4,252,|N|,0,,,,|||,,,,,Fairy]Umbreon||Leftovers|MoonlitVenom|Wish,Protect,KnockOff,Teleport|Careful|252,4,,,252,|N||||,,,,,Poison]Spiritomb||Leftovers|KeystoneLegion|soultoll,StrengthSap,PartingShot,WillOWisp|Careful|252,4,,,252,|N||S||,,,,,Dragon]Clodsire||HeavyDutyBoots|WaterAbsorb|ToxicSpikes,Punishment,Earthquake,Recover|Careful|248,8,244,,8,|N||||,,,,,Fire\",\"rating\":1439}\n>chat ☆Bunny Stockfish|Good luck! Playing on **stockfish**.\n>p1 team 1, 6, 2, 5, 4, 3\n>p2 team 2, 1, 3, 4, 5, 6\n>p1 move sacredsword dynamax\n>p2 move stealthrock\n>p1 move aquacutter dynamax\n>p2 switch 6\n>p1 move ceaselessedge dynamax\n>p2 move toxicspikes\n>p1 move knockoff\n>p2 switch 4\n>p1 switch 3\n>p2 move wish\n>p1 move closecombat\n>p2 move teleport\n>p2 switch 4\n>p1 move outrage\n>p2 move earthquake\n>p2 switch 5\n>p1 move outrage\n>p2 move strengthsap\n>p1 switch 3\n>p2 move strengthsap\n>p1 move aquacutter\n>p2 move strengthsap\n>p1 move aquacutter\n>p2 move partingshot\n>p2 switch 3\n>p1 switch 4\n>p2 move irondefense\n>p1 move shadowball\n>p2 move amnesia\n>p1 move shadowball\n>p2 move amnesia\n>p1 move shadowball\n>p2 move amnesia\n>p1 move shadowball\n>p2 move irondefense\n>p1 move shadowball\n>p2 move amnesia\n>p1 move shadowball\n>p2 move irondefense\n>p1 move shadowball\n>p2 move slackoff\n>p1 move shadowball\n>p2 move velvetpress\n>p1 switch 6\n>p2 move slackoff\n>p1 move nastyplot\n>p2 move velvetpress\n>p1 switch 2\n>p1 move calmmind\n>p2 move velvetpress\n>p1 switch 5\n>p1 move velvetguard\n>p2 move velvetpress\n>p1 switch 4\n>p1 move sacredsword\n>p2 move velvetpress\n>p1 switch 6\n>p1 move shadowball\n>p2 move slackoff\n>p1 move shadowball\n>p2 move velvetpress\n>p1 switch 3\n>p1 move closecombat\n>p2 move velvetpress",
	"uploadtime": 1790730563
}