{
	"id": "gen9rpou-2-tm8rrz",
	"format": "[Gen 9] RP OU",
	"players": [
		"Bunny Stockfish",
		"SlimeQueenSamantha"
	],
	"rating": null,
	"log": "|j|☆Bunny Stockfish\n|j|☆SlimeQueenSamantha\n|t:|1790880540\n|gametype|singles\n|badge|p1|bronze|gen9rpou|3-3\n|badge|p2|gold|gen9rpou|1-1\n|player|p1|Bunny Stockfish|bunny.png|1368\n|player|p2|SlimeQueenSamantha|queen.png|1506\n|gen|9\n|tier|[Gen 9] RP OU\n|rated|\n|rule|HP Percentage Mod: HP is shown in percentages\n|rule|Endless Battle Clause: Forcing endless battles is banned\n|rule|Species Clause: Limit one of each Pokémon\n|rule|OHKO Clause: OHKO moves are banned\n|rule|Evasion Clause: Evasion abilities, items, and moves are banned\n|rule|Evasion Abilities Clause: Evasion abilities are banned\n|rule|Evasion Items Clause: Evasion items are banned\n|rule|Evasion Moves Clause: Evasion moves are banned\n|rule|Sleep Clause Mod: Limit one foe put to sleep\n|clearpoke\n|poke|p1|Flareon|\n|poke|p1|Magearna-Original|\n|poke|p1|Landorus-Therian|\n|poke|p1|Kingambit|\n|poke|p1|Roserade|\n|poke|p1|Gyarados|\n|poke|p2|Lugia|\n|poke|p2|Blissey|\n|poke|p2|Registeel|\n|poke|p2|Umbreon|\n|poke|p2|Spiritomb|\n|poke|p2|Clodsire|\n|teampreview\n|c|☆Bunny Stockfish|Good luck! Playing on **stockfish**.\n|\n|t:|1790880552\n|teamsize|p1|6\n|teamsize|p2|6\n|start\n|switch|p1a: Landorus|Landorus-Therian|100/100\n|switch|p2a: Umbreon|Umbreon|100/100\n|-ability|p1a: Landorus|Intimidate|boost\n|-unboost|p2a: Umbreon|atk|1\n|turn|1\n|\n|t:|1790880557\n|switch|p1a: Magearna|Magearna-Original|100/100\n|move|p2a: Umbreon|Toxic|p1a: Magearna\n|-status|p1a: Magearna|tox\n|\n|-damage|p1a: Magearna|94/100 tox|[from] psn\n|upkeep\n|turn|2\n|\n|t:|1790880565\n|switch|p2a: Clodsire|Clodsire|100/100\n|move|p1a: Magearna|Fleur Cannon|p2a: Clodsire|[miss]\n|-miss|p1a: Magearna|p2a: Clodsire\n|\n|-heal|p1a: Magearna|100/100 tox|[from] item: Leftovers\n|-damage|p1a: Magearna|88/100 tox|[from] psn\n|upkeep\n|turn|3\n|\n|t:|1790880569\n|switch|p1a: Landorus|Landorus-Therian|100/100\n|-ability|p1a: Landorus|Intimidate|boost\n|-unboost|p2a: Clodsire|atk|1\n|move|p2a: Clodsire|Earthquake|p1a: Landorus\n|-immune|p1a: Landorus\n|\n|upkeep\n|turn|4\n|\n|t:|1790880574\n|switch|p2a: Lugia|Lugia|100/100\n|-start|p1a: Landorus|Dynamax|\n|-heal|p1a: Landorus|100/100|[silent]\n|move|p1a: Landorus|Max Quake|p2a: Lugia\n|-immune|p2a: Lugia\n|\n|upkeep\n|turn|5\n|\n|t:|1790880580\n|move|p2a: Lugia|Recover||[still]\n|-fail|p2a: Lugia|heal\n|move|p1a: Landorus|Max Rockfall|p2a: Lugia\n|-supereffective|p2a: Lugia\n|-damage|p2a: Lugia|70/100\n|-weather|Sandstorm\n|\n|-weather|Sandstorm|[upkeep]\n|-damage|p2a: Lugia|64/100|[from] Sandstorm\n|upkeep\n|turn|6\n|\n|t:|1790880587\n|move|p2a: Lugia|Recover|p2a: Lugia\n|-heal|p2a: Lugia|100/100\n|move|p1a: Landorus|Max Rockfall|p2a: Lugia\n|-supereffective|p2a: Lugia\n|-damage|p2a: Lugia|69/100\n|\n|-weather|Sandstorm|[upkeep]\n|-damage|p2a: Lugia|63/100|[from] Sandstorm\n|upkeep\n|-end|p1a: Landorus|Dynamax\n|-heal|p1a: Landorus|100/100|[silent]\n|turn|7\n|\n|t:|1790880589\n|move|p1a: Landorus|Stone Edge|p2a: Lugia|[miss]\n|-miss|p1a: Landorus|p2a: Lugia\n|move|p2a: Lugia|Recover|p2a: Lugia\n|-heal|p2a: Lugia|100/100\n|\n|-weather|Sandstorm|[upkeep]\n|-damage|p2a: Lugia|94/100|[from] Sandstorm\n|upkeep\n|turn|8\n|\n|t:|1790880598\n|move|p1a: Landorus|Stone Edge|p2a: Lugia\n|-supereffective|p2a: Lugia\n|-damage|p2a: Lugia|43/100\n|move|p2a: Lugia|Calm Mind|p2a: Lugia\n|-boost|p2a: Lugia|spa|1\n|-boost|p2a: Lugia|spd|1\n|\n|-weather|Sandstorm|[upkeep]\n|-damage|p2a: Lugia|37/100|[from] Sandstorm\n|upkeep\n|turn|9\n|\n|t:|1790880601\n|move|p1a: Landorus|Stone Edge|p2a: Lugia|[miss]\n|-miss|p1a: Landorus|p2a: Lugia\n|move|p2a: Lugia|Recover|p2a: Lugia\n|-heal|p2a: Lugia|87/100\n|\n|-weather|none\n|upkeep\n|turn|10\n|\n|t:|1790880604\n|move|p1a: Landorus|Stone Edge|p2a: Lugia|[miss]\n|-miss|p1a: Landorus|p2a: Lugia\n|move|p2a: Lugia|Recover|p2a: Lugia\n|-heal|p2a: Lugia|100/100\n|\n|upkeep\n|turn|11\n|\n|t:|1790880608\n|move|p1a: Landorus|Stone Edge|p2a: Lugia\n|-supereffective|p2a: Lugia\n|-damage|p2a: Lugia|76/100\n|move|p2a: Lugia|Calm Mind|p2a: Lugia\n|-boost|p2a: Lugia|spa|1\n|-boost|p2a: Lugia|spd|1\n|\n|upkeep\n|turn|12\n|\n|t:|1790880617\n|move|p1a: Landorus|Stone Edge|p2a: Lugia\n|-supereffective|p2a: Lugia\n|-damage|p2a: Lugia|25/100\n|move|p2a: Lugia|Calm Mind|p2a: Lugia\n|-boost|p2a: Lugia|spa|1\n|-boost|p2a: Lugia|spd|1\n|\n|upkeep\n|turn|13\n|\n|t:|1790880620\n|switch|p1a: Kingambit|Kingambit|100/100\n|-terastallize|p2a: Lugia|Ground\n|move|p2a: Lugia|Recover|p2a: Lugia\n|-heal|p2a: Lugia|75/100\n|\n|upkeep\n|turn|14\n|\n|t:|1790880626\n|move|p2a: Lugia|Earth Power|p1a: Kingambit\n|-supereffective|p1a: Kingambit\n|-damage|p1a: Kingambit|0 fnt\n|faint|p1a: Kingambit\n|-end|p1a: Kingambit|fallenundefined|[silent]\n|\n|upkeep\n|\n|t:|1790880626\n|switch|p1a: Gyarados|Gyarados|100/100\n|-ability|p1a: Gyarados|Intimidate|boost\n|-unboost|p2a: Lugia|atk|1\n|turn|15\n|\n|t:|1790880631\n|move|p2a: Lugia|Air Slash|p1a: Gyarados\n|-damage|p1a: Gyarados|35/100\n|move|p1a: Gyarados|Waterfall|p2a: Lugia\n|-supereffective|p2a: Lugia\n|-damage|p2a: Lugia|21/100\n|\n|upkeep\n|turn|16\n|\n|t:|1790880635\n|move|p2a: Lugia|Air Slash|p1a: Gyarados|[miss]\n|-miss|p2a: Lugia|p1a: Gyarados\n|move|p1a: Gyarados|Waterfall|p2a: Lugia\n|-supereffective|p2a: Lugia\n|-damage|p2a: Lugia|0 fnt\n|faint|p2a: Lugia\n|\n|upkeep\n|\n|t:|1790880640\n|switch|p2a: Registeel|Registeel|100/100\n|turn|17\n|\n|t:|1790880644\n|switch|p1a: Flareon|Flareon|100/100\n|-status|p1a: Flareon|brn|[from] ability: Kindled Fury|[of] p1a: Flareon\n|move|p2a: Registeel|Iron Defense|p2a: Registeel\n|-boost|p2a: Registeel|def|2\n|\n|-damage|p1a: Flareon|95/100 brn|[from] brn\n|upkeep\n|turn|18\n|\n|t:|1790880645\n|move|p1a: Flareon|Flare Blitz|p2a: Registeel\n|-supereffective|p2a: Registeel\n|-damage|p2a: Registeel|8/100\n|-damage|p1a: Flareon|53/100 brn|[from] Recoil\n|move|p2a: Registeel|Iron Defense|p2a: Registeel\n|-boost|p2a: Registeel|def|2\n|\n|-heal|p2a: Registeel|14/100|[from] item: Leftovers\n|-damage|p1a: Flareon|47/100 brn|[from] brn\n|-ability|p1a: Flareon|Kindled Fury|boost\n|-boost|p1a: Flareon|spe|1\n|upkeep\n|turn|19\n|\n|t:|1790880653\n|-start|p2a: Registeel|Dynamax|\n|-heal|p2a: Registeel|14/100|[silent]\n|move|p2a: Registeel|Max Guard|p2a: Registeel\n|-singleturn|p2a: Registeel|Max Guard\n|move|p1a: Flareon|Flare Blitz|p2a: Registeel\n|-activate|p2a: Registeel|move: Max Guard\n|\n|-heal|p2a: Registeel|17/100|[from] item: Leftovers\n|-damage|p1a: Flareon|41/100 brn|[from] brn\n|-ability|p1a: Flareon|Kindled Fury|boost\n|-boost|p1a: Flareon|spe|1\n|upkeep\n|turn|20\n|\n|t:|1790880656\n|move|p1a: Flareon|Flare Blitz|p2a: Registeel\n|-supereffective|p2a: Registeel\n|-damage|p2a: Registeel|0 fnt\n|faint|p2a: Registeel\n|-damage|p1a: Flareon|27/100 brn|[from] Recoil\n|\n|-damage|p1a: Flareon|21/100 brn|[from] brn\n|-ability|p1a: Flareon|Kindled Fury|boost\n|-boost|p1a: Flareon|spe|1\n|upkeep\n|\n|t:|1790880661\n|switch|p2a: Spiritomb|Spiritomb, shiny|100/100\n|turn|21\n|\n|t:|1790880663\n|-terastallize|p1a: Flareon|Normal\n|move|p1a: Flareon|Flare Blitz|p2a: Spiritomb\n|-ability|p2a: Spiritomb|Keystone Legion\n|-message|The spirits of the keystone shield Spiritomb!\n|-start|p1a: Flareon|Curse|[of] p2a: Spiritomb\n|-damage|p2a: Spiritomb|1/100\n|-damage|p1a: Flareon|0 fnt|[from] Recoil\n|faint|p1a: Flareon\n|-message|A soul joins the legion. Spiritomb's keystone mends!\n|move|p2a: Spiritomb|Soul Toll|p1: Flareon|[notarget]\n|-fail|p2a: Spiritomb\n|\n|-heal|p2a: Spiritomb|7/100|[from] item: Leftovers\n|upkeep\n|\n|t:|1790880663\n|switch|p1a: Magearna|Magearna-Original|88/100 tox\n|turn|22\n|\n|t:|1790880674\n|move|p1a: Magearna|Volt Switch|p2a: Spiritomb\n|-ability|p2a: Spiritomb|Keystone Legion\n|-message|The spirits of the keystone shield Spiritomb!\n|-start|p1a: Magearna|Curse|[of] p2a: Spiritomb\n|-damage|p2a: Spiritomb|1/100\n|\n|t:|1790880675\n|switch|p1a: Landorus|Landorus-Therian|100/100|[from] Volt Switch\n|-ability|p1a: Landorus|Intimidate|boost\n|-unboost|p2a: Spiritomb|atk|1\n|move|p2a: Spiritomb|Strength Sap|p1a: Landorus\n|-unboost|p1a: Landorus|atk|1\n|-heal|p2a: Spiritomb|100/100\n|\n|upkeep\n|turn|23\n|\n|t:|1790880681\n|move|p1a: Landorus|Earthquake|p2a: Spiritomb\n|-damage|p2a: Spiritomb|70/100\n|move|p2a: Spiritomb|Will-O-Wisp|p1a: Landorus\n|-status|p1a: Landorus|brn\n|\n|-heal|p2a: Spiritomb|76/100|[from] item: Leftovers\n|-damage|p1a: Landorus|95/100 brn|[from] brn\n|upkeep\n|turn|24\n|\n|t:|1790880684\n|switch|p1a: Magearna|Magearna-Original|88/100 tox\n|move|p2a: Spiritomb|Soul Toll|p1a: Magearna\n|-damage|p1a: Magearna|46/100 tox\n|\n|-heal|p1a: Magearna|52/100 tox|[from] item: Leftovers\n|-heal|p2a: Spiritomb|82/100|[from] item: Leftovers\n|-damage|p1a: Magearna|46/100 tox|[from] psn\n|upkeep\n|turn|25\n|\n|t:|1790880690\n|move|p1a: Magearna|Fleur Cannon|p2a: Spiritomb|[miss]\n|-miss|p1a: Magearna|p2a: Spiritomb\n|move|p2a: Spiritomb|Soul Toll|p1a: Magearna\n|-damage|p1a: Magearna|0 fnt\n|faint|p1a: Magearna\n|-message|A soul joins the legion. Spiritomb's keystone mends!\n|\n|-heal|p2a: Spiritomb|88/100|[from] item: Leftovers\n|upkeep\n|\n|t:|1790880690\n|switch|p1a: Landorus|Landorus-Therian|95/100 brn\n|-ability|p1a: Landorus|Intimidate|boost\n|-unboost|p2a: Spiritomb|atk|1\n|turn|26\n|\n|t:|1790880693\n|move|p1a: Landorus|Earthquake|p2a: Spiritomb\n|-damage|p2a: Spiritomb|64/100\n|move|p2a: Spiritomb|Soul Toll|p1a: Landorus\n|-damage|p1a: Landorus|25/100 brn\n|\n|-heal|p2a: Spiritomb|70/100|[from] item: Leftovers\n|-damage|p1a: Landorus|19/100 brn|[from] brn\n|upkeep\n|turn|27\n|\n|t:|1790880698\n|move|p1a: Landorus|Earthquake|p2a: Spiritomb\n|-damage|p2a: Spiritomb|46/100\n|move|p2a: Spiritomb|Soul Toll|p1a: Landorus\n|-damage|p1a: Landorus|0 fnt\n|faint|p1a: Landorus\n|\n|-heal|p2a: Spiritomb|52/100|[from] item: Leftovers\n|upkeep\n|\n|t:|1790880698\n|switch|p1a: Roserade|Roserade|100/100\n|-ability|p1a: Roserade|Masquerade\n|-start|p2a: Spiritomb|move: Taunt\n|turn|28\n|\n|t:|1790880701\n|move|p1a: Roserade|Thorned Bouquet|p2a: Spiritomb\n|-damage|p2a: Spiritomb|23/100\n|-status|p2a: Spiritomb|psn\n|move|p2a: Spiritomb|Soul Toll|p1a: Roserade\n|-damage|p1a: Roserade|72/100\n|\n|-heal|p1a: Roserade|79/100|[from] item: Leftovers\n|-heal|p2a: Spiritomb|29/100 psn|[from] item: Leftovers\n|-damage|p2a: Spiritomb|17/100 psn|[from] psn\n|upkeep\n|turn|29\n|\n|t:|1790880707\n|move|p1a: Roserade|Sludge Bomb|p2a: Spiritomb\n|-resisted|p2a: Spiritomb\n|-damage|p2a: Spiritomb|2/100 psn\n|move|p2a: Spiritomb|Soul Toll|p1a: Roserade\n|-damage|p1a: Roserade|47/100\n|\n|-heal|p1a: Roserade|53/100|[from] item: Leftovers\n|-heal|p2a: Spiritomb|9/100 psn|[from] item: Leftovers\n|-damage|p2a: Spiritomb|0 fnt|[from] psn\n|faint|p2a: Spiritomb\n|upkeep\n|\n|t:|1790880711\n|switch|p2a: Umbreon|Umbreon|100/100\n|turn|30\n|\n|t:|1790880712\n|move|p1a: Roserade|Synthesis|p1a: Roserade\n|-heal|p1a: Roserade|100/100\n|move|p2a: Umbreon|Toxic|p1a: Roserade\n|-status|p1a: Roserade|tox\n|\n|-damage|p1a: Roserade|94/100 tox|[from] psn\n|upkeep\n|turn|31\n|\n|t:|1790880714\n|move|p1a: Roserade|Thorned Bouquet|p2a: Umbreon\n|-damage|p2a: Umbreon|78/100\n|-heal|p1a: Roserade|100/100 tox|[from] drain|[of] p2a: Umbreon\n|move|p2a: Umbreon|Knock Off|p1a: Roserade\n|-damage|p1a: Roserade|61/100 tox\n|-enditem|p1a: Roserade|Leftovers|[from] move: Knock Off|[of] p2a: Umbreon\n|\n|-heal|p2a: Umbreon|84/100|[from] item: Leftovers\n|-damage|p1a: Roserade|49/100 tox|[from] psn\n|upkeep\n|turn|32\n|\n|t:|1790880723\n|move|p1a: Roserade|Synthesis|p1a: Roserade\n|-heal|p1a: Roserade|98/100 tox\n|move|p2a: Umbreon|Teleport|p2a: Umbreon\n|\n|t:|1790880725\n|switch|p2a: Blissey|Blissey, shiny|100/100|[from] Teleport\n|\n|-damage|p1a: Roserade|80/100 tox|[from] psn\n|upkeep\n|turn|33\n|\n|t:|1790880729\n|move|p1a: Roserade|Thorned Bouquet|p2a: Blissey\n|-damage|p2a: Blissey|84/100\n|-heal|p1a: Roserade|100/100 tox|[from] drain|[of] p2a: Blissey\n|-status|p2a: Blissey|psn\n|move|p2a: Blissey|Stealth Rock|p1a: Roserade\n|-sidestart|p1: Bunny Stockfish|move: Stealth Rock\n|\n|-damage|p1a: Roserade|76/100 tox|[from] psn\n|-damage|p2a: Blissey|71/100 psn|[from] psn\n|upkeep\n|turn|34\n|\n|t:|1790880741\n|move|p1a: Roserade|Thorned Bouquet|p2a: Blissey\n|-damage|p2a: Blissey|55/100 psn\n|-heal|p1a: Roserade|96/100 tox|[from] drain|[of] p2a: Blissey\n|move|p2a: Blissey|Seismic Toss|p1a: Roserade\n|-damage|p1a: Roserade|62/100 tox\n|\n|-damage|p1a: Roserade|31/100 tox|[from] psn\n|-damage|p2a: Blissey|42/100 psn|[from] psn\n|upkeep\n|turn|35\n|\n|t:|1790880744\n|move|p1a: Roserade|Synthesis|p1a: Roserade\n|-heal|p1a: Roserade|81/100 tox\n|move|p2a: Blissey|Soft-Boiled|p2a: Blissey\n|-heal|p2a: Blissey|92/100 psn\n|\n|-damage|p1a: Roserade|43/100 tox|[from] psn\n|-damage|p2a: Blissey|80/100 psn|[from] psn\n|upkeep\n|turn|36\n|\n|t:|1790880747\n|-curestatus|p2a: Blissey|psn|[silent]\n|-cureteam|p2a: Blissey|[from] ability: Caretaker\n|switch|p2a: Clodsire|Clodsire|100/100\n|move|p1a: Roserade|Synthesis|p1a: Roserade\n|-heal|p1a: Roserade|93/100 tox\n|\n|-damage|p1a: Roserade|50/100 tox|[from] psn\n|upkeep\n|turn|37\n|\n|t:|1790880756\n|move|p1a: Roserade|Synthesis|p1a: Roserade\n|-heal|p1a: Roserade|99/100 tox\n|move|p2a: Clodsire|Toxic Spikes|p1a: Roserade\n|-sidestart|p1: Bunny Stockfish|move: Toxic Spikes\n|\n|-damage|p1a: Roserade|50/100 tox|[from] psn\n|upkeep\n|turn|38\n|\n|t:|1790880758\n|move|p1a: Roserade|Synthesis|p1a: Roserade\n|-heal|p1a: Roserade|99/100 tox\n|move|p2a: Clodsire|Earthquake|p1a: Roserade\n|-damage|p1a: Roserade|54/100 tox\n|\n|-damage|p1a: Roserade|0 fnt|[from] psn\n|faint|p1a: Roserade\n|upkeep\n|\n|t:|1790880758\n|switch|p1a: Gyarados|Gyarados|35/100\n|-ability|p1a: Gyarados|Intimidate|boost\n|-unboost|p2a: Clodsire|atk|1\n|turn|39\n|\n|t:|1790880765\n|move|p1a: Gyarados|Wave Charge|p2a: Clodsire\n|-immune|p2a: Clodsire|[from] ability: Water Absorb\n|move|p2a: Clodsire|Punishment|p1a: Gyarados\n|-damage|p1a: Gyarados|24/100\n|\n|upkeep\n|turn|40\n|\n|t:|1790880769\n|move|p1a: Gyarados|Crunch|p2a: Clodsire\n|-damage|p2a: Clodsire|75/100\n|move|p2a: Clodsire|Punishment|p1a: Gyarados\n|-damage|p1a: Gyarados|11/100\n|\n|upkeep\n|turn|41\n|\n|t:|1790880772\n|move|p1a: Gyarados|Crunch|p2a: Clodsire\n|-damage|p2a: Clodsire|49/100\n|-unboost|p2a: Clodsire|def|1\n|move|p2a: Clodsire|Punishment|p1a: Gyarados\n|-damage|p1a: Gyarados|0 fnt\n|faint|p1a: Gyarados\n|\n|win|SlimeQueenSamantha\n",
	"inputlog": ">start {\"formatid\":\"gen9rpou\",\"seed\":\"sodium,91136535aaa7c8d02ea84646d549f8cc\",\"rated\":\"Rated battle\"}\n>player p1 {\"name\":\"Bunny Stockfish\",\"avatar\":\"bunny.png\",\"team\":\"Flareon||ChoiceBand|KindledFury|FlareBlitz,CloseCombat,Facade,TemperFlare|Adamant|,252,4,,,252|N||||,,,,,Normal]Magearna|MagearnaOriginal|Leftovers|SoulHeart|FleurCannon,PainSplit,VoltSwitch,FlashCannon|Modest|252,,,252,4,|N|,0,,,,|||,,,,,Water]Landorus|LandorusTherian|ChoiceScarf|Intimidate|Earthquake,StoneEdge,Uturn,GrassKnot|Naive|,252,4,,,252|N||||,,,,,Ground]Kingambit||BlackGlasses|SupremeOverlord|SwordsDance,StealthRock,CarrionFeast,IronHead|Adamant|252,252,,,4,|N||||,,,,,Flying]Roserade||Leftovers|Masquerade|ThornedBouquet,SludgeBomb,Synthesis,Spikes|Timid|,,,252,4,252|N|,0,,,,|||,,,,,Water]Gyarados||HeavyDutyBoots|Intimidate|DragonDance,WaveCharge,Waterfall,Crunch|Adamant|,252,,,4,252|N||||,,,,,Ground\",\"rating\":1368}\n>player p2 {\"name\":\"SlimeQueenSamantha\",\"avatar\":\"queen.png\",\"team\":\"Lugia||HeavyDutyBoots|Multiscale|CalmMind,AirSlash,EarthPower,Recover|Timid|248,,8,,,252|N|,0,,,,|||,,,,,Ground]Blissey||HeavyDutyBoots|Caretaker|SoftBoiled,StealthRock,Toxic,SeismicToss|Bold|252,,252,,4,|N|,0,,,,|S||,,,,,Water]Registeel||Leftovers|Unaware|SlackOff,IronDefense,Amnesia,velvetpress|Calm|252,,,4,252,|N|,0,,,,|||,,,,,Fairy]Umbreon||Leftovers|MoonlitVenom|Recover,Toxic,KnockOff,Teleport|Careful|252,4,,,252,|N||||,,,,,Poison]Spiritomb||Leftovers|KeystoneLegion|soultoll,StrengthSap,PartingShot,WillOWisp|Careful|252,4,,,252,|N||S||,,,,,Dragon]Clodsire||HeavyDutyBoots|WaterAbsorb|ToxicSpikes,Punishment,Earthquake,Recover|Careful|248,8,244,,8,|N||||,,,,,Fire\",\"rating\":1506}\n>chat ☆Bunny Stockfish|Good luck! Playing on **stockfish**.\n>p1 team 3, 5, 6, 1, 2, 4\n>p2 team 4, 2, 3, 1, 5, 6\n>p1 switch 5\n>p2 move toxic\n>p1 move fleurcannon\n>p2 switch 6\n>p1 switch 5\n>p2 move earthquake\n>p1 move earthquake dynamax\n>p2 switch 4\n>p1 move stoneedge dynamax\n>p2 move recover\n>p1 move stoneedge dynamax\n>p2 move recover\n>p1 move stoneedge\n>p2 move recover\n>p1 move stoneedge\n>p2 move calmmind\n>p1 move stoneedge\n>p2 move recover\n>p1 move stoneedge\n>p2 move recover\n>p1 move stoneedge\n>p2 move calmmind\n>p1 move stoneedge\n>p2 move calmmind\n>p1 switch 6\n>p2 move recover terastallize\n>p1 move carrionfeast\n>p2 move earthpower\n>p1 switch 3\n>p1 move waterfall\n>p2 move airslash\n>p1 move waterfall\n>p2 move airslash\n>p2 switch 3\n>p1 switch 4\n>p2 move irondefense\n>p1 move flareblitz\n>p2 move irondefense\n>p1 move flareblitz\n>p2 move irondefense dynamax\n>p1 move flareblitz\n>p2 move velvetpress dynamax\n>p2 switch 5\n>p1 move flareblitz terastallize\n>p2 move soultoll\n>p1 switch 5\n>p1 move voltswitch\n>p2 move strengthsap\n>p1 switch 6\n>p1 move earthquake\n>p2 move willowisp\n>p1 switch 6\n>p2 move soultoll\n>p1 move fleurcannon\n>p2 move soultoll\n>p1 switch 6\n>p1 move earthquake\n>p2 move soultoll\n>p1 move earthquake\n>p2 move soultoll\n>p1 switch 2\n>p1 move thornedbouquet\n>p2 move soultoll\n>p1 move sludgebomb\n>p2 move soultoll\n>p2 switch 6\n>p1 move synthesis\n>p2 move toxic\n>p1 move thornedbouquet\n>p2 move knockoff\n>p1 move synthesis\n>p2 move teleport\n>p2 switch 2\n>p1 move thornedbouquet\n>p2 move stealthrock\n>p1 move thornedbouquet\n>p2 move seismictoss\n>p1 move synthesis\n>p2 move softboiled\n>p1 move synthesis\n>p2 switch 4\n>p1 move synthesis\n>p2 move toxicspikes\n>p1 move synthesis\n>p2 move earthquake\n>p1 switch 4\n>p1 move wavecharge\n>p2 move punishment\n>p1 move crunch\n>p2 move punishment\n>p1 move crunch\n>p2 move punishment",
	"uploadtime": 1790880772
}