{
	"id": "gen9rprandombattle-12-tmoez3",
	"format": "[Gen 9] RP Random Battle",
	"players": [
		"Bunny Easy",
		"TheRedRecord7"
	],
	"rating": null,
	"log": "|j|☆Bunny Easy\n|j|☆TheRedRecord7\n|t:|1791657577\n|gametype|singles\n|player|p1|Bunny Easy|bunny.png|1047\n|player|p2|TheRedRecord7|265|1094\n|gen|9\n|tier|[Gen 9] RP Random Battle\n|rated|\n|rule|Species Clause: Limit one of each Pokémon\n|rule|HP Percentage Mod: HP is shown in percentages\n|rule|Sleep Clause Mod: Limit one foe put to sleep\n|rule|Illusion Level Mod: Illusion disguises the Pokémon's true level\n|\n|t:|1791657577\n|teamsize|p1|6\n|teamsize|p2|6\n|start\n|switch|p1a: Zangoose|Zangoose, L85, M|263/263\n|switch|p2a: Iron Hands|Iron Hands, L79|373/373\n|turn|1\n|c|☆Bunny Easy|Good luck! Playing on **easy**.\n|\n|t:|1791657598\n|move|p2a: Iron Hands|Fake Out|p1a: Zangoose\n|-damage|p1a: Zangoose|216/263\n|cant|p1a: Zangoose|flinch\n|\n|-status|p1a: Zangoose|tox|[from] item: Toxic Orb\n|upkeep\n|turn|2\n|\n|t:|1791657610\n|-terastallize|p1a: Zangoose|Normal\n|move|p1a: Zangoose|Facade|p2a: Iron Hands\n|-damage|p2a: Iron Hands|79/373\n|move|p2a: Iron Hands|Drain Punch|p1a: Zangoose\n|-supereffective|p1a: Zangoose\n|-damage|p1a: Zangoose|0 fnt\n|-heal|p2a: Iron Hands|187/373|[from] drain|[of] p1a: Zangoose\n|faint|p1a: Zangoose\n|\n|upkeep\n|\n|t:|1791657610\n|switch|p1a: Typhlosion|Typhlosion, L84, M|267/267\n|turn|3\n|\n|t:|1791657628\n|move|p1a: Typhlosion|Eruption|p2a: Iron Hands\n|-damage|p2a: Iron Hands|31/373\n|move|p2a: Iron Hands|Volt Switch|p1a: Typhlosion\n|-damage|p1a: Typhlosion|224/267\n|\n|t:|1791657639\n|-end|p2a: Iron Hands|Quark Drive|[silent]\n|switch|p2a: Pelipper|Pelipper, L86, M|243/243|[from] Volt Switch\n|-weather|RainDance|[from] ability: Drizzle|[of] p2a: Pelipper\n|\n|-weather|RainDance|[upkeep]\n|upkeep\n|turn|4\n|\n|t:|1791657651\n|move|p1a: Typhlosion|Eruption|p2a: Pelipper\n|-resisted|p2a: Pelipper\n|-damage|p2a: Pelipper|203/243\n|move|p2a: Pelipper|Surf|p1a: Typhlosion\n|-supereffective|p1a: Typhlosion\n|-damage|p1a: Typhlosion|0 fnt\n|faint|p1a: Typhlosion\n|\n|-weather|RainDance|[upkeep]\n|upkeep\n|\n|t:|1791657651\n|switch|p1a: Dialga|Dialga-Origin, L73|266/266\n|-ability|p1a: Dialga|Pressure\n|turn|5\n|\n|t:|1791657672\n|move|p1a: Dialga|Draco Meteor|p2a: Pelipper\n|-damage|p2a: Pelipper|0 fnt\n|-unboost|p1a: Dialga|spa|2\n|faint|p2a: Pelipper\n|\n|-weather|RainDance|[upkeep]\n|upkeep\n|\n|t:|1791657697\n|switch|p2a: Goodra|Goodra-Hisui, L82, M|265/265\n|turn|6\n|\n|t:|1791657709\n|move|p1a: Dialga|Draco Meteor|p2a: Goodra\n|-damage|p2a: Goodra|186/265\n|-unboost|p1a: Dialga|spa|2\n|move|p2a: Goodra|Earthquake|p1a: Dialga\n|-supereffective|p1a: Dialga\n|-damage|p1a: Dialga|154/266\n|\n|-weather|RainDance|[upkeep]\n|upkeep\n|turn|7\n|\n|t:|1791657720\n|move|p1a: Dialga|Draco Meteor|p2a: Goodra\n|-damage|p2a: Goodra|107/265\n|-unboost|p1a: Dialga|spa|2\n|move|p2a: Goodra|Earthquake|p1a: Dialga\n|-supereffective|p1a: Dialga\n|-damage|p1a: Dialga|32/266\n|\n|-weather|none\n|upkeep\n|turn|8\n|\n|t:|1791657731\n|move|p1a: Dialga|Draco Meteor|p2a: Goodra\n|-damage|p2a: Goodra|31/265\n|move|p2a: Goodra|Earthquake|p1a: Dialga\n|-supereffective|p1a: Dialga\n|-damage|p1a: Dialga|0 fnt\n|faint|p1a: Dialga\n|\n|upkeep\n|\n|t:|1791657731\n|switch|p1a: Metagross|Metagross, L79|256/256\n|turn|9\n|\n|t:|1791657748\n|move|p1a: Metagross|Psychic Fangs|p2a: Goodra\n|-resisted|p2a: Goodra\n|-damage|p2a: Goodra|0 fnt\n|faint|p2a: Goodra\n|\n|upkeep\n|\n|t:|1791657768\n|switch|p2a: Cresselia|Cresselia, L80, F|323/323\n|turn|10\n|\n|t:|1791657782\n|move|p1a: Metagross|Psychic Fangs|p2a: Cresselia\n|-resisted|p2a: Cresselia\n|-damage|p2a: Cresselia|276/323\n|move|p2a: Cresselia|Moonlight|p2a: Cresselia\n|-heal|p2a: Cresselia|323/323\n|\n|upkeep\n|turn|11\n|\n|t:|1791657792\n|move|p1a: Metagross|Psychic Fangs|p2a: Cresselia\n|-resisted|p2a: Cresselia\n|-damage|p2a: Cresselia|283/323\n|move|p2a: Cresselia|Calm Mind|p2a: Cresselia\n|-boost|p2a: Cresselia|spa|1\n|-boost|p2a: Cresselia|spd|1\n|\n|-heal|p2a: Cresselia|303/323|[from] item: Leftovers\n|upkeep\n|turn|12\n|\n|t:|1791657807\n|move|p1a: Metagross|Psychic Fangs|p2a: Cresselia\n|-resisted|p2a: Cresselia\n|-damage|p2a: Cresselia|256/323\n|move|p2a: Cresselia|Calm Mind|p2a: Cresselia\n|-boost|p2a: Cresselia|spa|1\n|-boost|p2a: Cresselia|spd|1\n|\n|-heal|p2a: Cresselia|276/323|[from] item: Leftovers\n|upkeep\n|turn|13\n|\n|t:|1791657817\n|move|p1a: Metagross|Psychic Fangs|p2a: Cresselia\n|-resisted|p2a: Cresselia\n|-damage|p2a: Cresselia|231/323\n|move|p2a: Cresselia|Calm Mind|p2a: Cresselia\n|-boost|p2a: Cresselia|spa|1\n|-boost|p2a: Cresselia|spd|1\n|\n|-heal|p2a: Cresselia|251/323|[from] item: Leftovers\n|upkeep\n|turn|14\n|\n|t:|1791657827\n|move|p1a: Metagross|Psychic Fangs|p2a: Cresselia\n|-resisted|p2a: Cresselia\n|-damage|p2a: Cresselia|204/323\n|move|p2a: Cresselia|Calm Mind|p2a: Cresselia\n|-boost|p2a: Cresselia|spa|1\n|-boost|p2a: Cresselia|spd|1\n|\n|-heal|p2a: Cresselia|224/323|[from] item: Leftovers\n|upkeep\n|turn|15\n|\n|t:|1791657839\n|move|p1a: Metagross|Psychic Fangs|p2a: Cresselia\n|-resisted|p2a: Cresselia\n|-damage|p2a: Cresselia|180/323\n|move|p2a: Cresselia|Calm Mind|p2a: Cresselia\n|-boost|p2a: Cresselia|spa|1\n|-boost|p2a: Cresselia|spd|1\n|\n|-heal|p2a: Cresselia|200/323|[from] item: Leftovers\n|upkeep\n|turn|16\n|\n|t:|1791657853\n|move|p1a: Metagross|Psychic Fangs|p2a: Cresselia\n|-resisted|p2a: Cresselia\n|-crit|p2a: Cresselia\n|-damage|p2a: Cresselia|139/323\n|move|p2a: Cresselia|Moonlight|p2a: Cresselia\n|-heal|p2a: Cresselia|300/323\n|\n|-heal|p2a: Cresselia|320/323|[from] item: Leftovers\n|upkeep\n|turn|17\n|\n|t:|1791657863\n|move|p1a: Metagross|Psychic Fangs|p2a: Cresselia\n|-resisted|p2a: Cresselia\n|-damage|p2a: Cresselia|280/323\n|move|p2a: Cresselia|Calm Mind|p2a: Cresselia\n|-boost|p2a: Cresselia|spa|1\n|-boost|p2a: Cresselia|spd|1\n|\n|-heal|p2a: Cresselia|300/323|[from] item: Leftovers\n|upkeep\n|turn|18\n|\n|t:|1791657880\n|move|p1a: Metagross|Psychic Fangs|p2a: Cresselia\n|-resisted|p2a: Cresselia\n|-damage|p2a: Cresselia|256/323\n|move|p2a: Cresselia|Velvet Press|p1a: Metagross\n|-resisted|p1a: Metagross\n|-damage|p1a: Metagross|118/256\n|\n|-heal|p2a: Cresselia|276/323|[from] item: Leftovers\n|upkeep\n|turn|19\n|\n|t:|1791657889\n|move|p1a: Metagross|Psychic Fangs|p2a: Cresselia\n|-resisted|p2a: Cresselia\n|-damage|p2a: Cresselia|234/323\n|move|p2a: Cresselia|Velvet Press|p1a: Metagross\n|-resisted|p1a: Metagross\n|-damage|p1a: Metagross|0 fnt\n|faint|p1a: Metagross\n|\n|-heal|p2a: Cresselia|254/323|[from] item: Leftovers\n|upkeep\n|\n|t:|1791657889\n|switch|p1a: Ariados|Ariados, L95, F|287/287\n|turn|20\n|\n|t:|1791657906\n|move|p2a: Cresselia|Psyshock|p1a: Ariados\n|-supereffective|p1a: Ariados\n|-damage|p1a: Ariados|0 fnt\n|faint|p1a: Ariados\n|\n|-heal|p2a: Cresselia|274/323|[from] item: Leftovers\n|upkeep\n|\n|t:|1791657906\n|switch|p1a: Terapagos|Terapagos, L77, F|265/265\n|-activate|p1a: Terapagos|ability: Tera Shift\n|detailschange|p1a: Terapagos|Terapagos-Terastal, L77, F\n|-heal|p1a: Terapagos|273/273|[silent]\n|turn|21\n|\n|t:|1791657930\n|move|p2a: Cresselia|Psyshock|p1a: Terapagos\n|-activate|p1a: Terapagos|ability: Tera Shell\n|-resisted|p1a: Terapagos\n|-damage|p1a: Terapagos|146/273\n|move|p1a: Terapagos|Tera Starstorm|p2a: Cresselia\n|-damage|p2a: Cresselia|253/323\n|\n|-heal|p2a: Cresselia|273/323|[from] item: Leftovers\n|upkeep\n|turn|22\n|\n|t:|1791657943\n|move|p2a: Cresselia|Velvet Press|p1a: Terapagos\n|-damage|p1a: Terapagos|0 fnt\n|faint|p1a: Terapagos\n|\n|win|TheRedRecord7\n",
	"inputlog": ">start {\"formatid\":\"gen9rprandombattle\",\"seed\":\"sodium,618609c41a5afa98020519407a6cebc8\",\"rated\":\"Rated battle\"}\n>player p1 {\"name\":\"Bunny Easy\",\"avatar\":\"bunny.png\",\"rating\":1047,\"seed\":\"sodium,a933b60016ce515ee76bb73e52c58e62\"}\n>player p2 {\"name\":\"TheRedRecord7\",\"avatar\":\"265\",\"rating\":1094,\"seed\":\"sodium,49f1baa48e1e016078a0b6db602122fe\"}\n>chat ☆Bunny Easy|Good luck! Playing on **easy**.\n>p1 move closecombat\n>p2 move fakeout\n>p1 move facade terastallize\n>p2 move drainpunch\n>p1 switch 4\n>p1 move eruption\n>p2 move voltswitch\n>p2 switch 5\n>p1 move eruption\n>p2 move surf\n>p1 switch 5\n>p1 move dracometeor\n>p2 move knockoff\n>p2 switch 2\n>p1 move dracometeor\n>p2 move earthquake\n>p1 move dracometeor\n>p2 move earthquake\n>p1 move dracometeor\n>p2 move earthquake\n>p1 switch 6\n>p1 move psychicfangs\n>p2 move earthquake\n>p2 switch 4\n>p1 move psychicfangs\n>p2 move moonlight\n>p1 move psychicfangs\n>p2 move calmmind\n>p1 move psychicfangs\n>p2 move calmmind\n>p1 move psychicfangs\n>p2 move calmmind\n>p1 move psychicfangs\n>p2 move calmmind\n>p1 move psychicfangs\n>p2 move calmmind\n>p1 move psychicfangs\n>p2 move moonlight\n>p1 move psychicfangs\n>p2 move calmmind\n>p1 move psychicfangs\n>p2 move velvetpress\n>p1 move psychicfangs\n>p2 move velvetpress\n>p1 switch 3\n>p1 move megahorn\n>p2 move psyshock\n>p1 switch 2\n>p1 move terastarstorm\n>p2 move psyshock\n>p1 move terastarstorm\n>p2 move velvetpress",
	"uploadtime": 1791657943
}