{
	"id": "gen9rpou-8-tm8rrz",
	"format": "[Gen 9] RP OU",
	"players": [
		"Bunny Stockfish",
		"SlimeQueenSamantha"
	],
	"rating": null,
	"log": "|j|☆Bunny Stockfish\n|j|☆SlimeQueenSamantha\n|t:|1790881728\n|gametype|singles\n|badge|p1|bronze|gen9rpou|3-3\n|badge|p2|gold|gen9rpou|1-1\n|player|p1|Bunny Stockfish|bunny.png|1355\n|player|p2|SlimeQueenSamantha|queen.png|1512\n|gen|9\n|tier|[Gen 9] RP OU\n|rated|\n|rule|HP Percentage Mod: HP is shown in percentages\n|rule|Endless Battle Clause: Forcing endless battles is banned\n|rule|Species Clause: Limit one of each Pokémon\n|rule|OHKO Clause: OHKO moves are banned\n|rule|Evasion Clause: Evasion abilities, items, and moves are banned\n|rule|Evasion Abilities Clause: Evasion abilities are banned\n|rule|Evasion Items Clause: Evasion items are banned\n|rule|Evasion Moves Clause: Evasion moves are banned\n|rule|Sleep Clause Mod: Limit one foe put to sleep\n|clearpoke\n|poke|p1|Garganacl|\n|poke|p1|Togekiss|\n|poke|p1|Empoleon|\n|poke|p1|Espeon|\n|poke|p1|Dragonite|\n|poke|p1|Goodra-Hisui|\n|poke|p2|Lugia|\n|poke|p2|Blissey|\n|poke|p2|Registeel|\n|poke|p2|Umbreon|\n|poke|p2|Spiritomb|\n|poke|p2|Clodsire|\n|teampreview\n|c|☆Bunny Stockfish|Good luck! Playing on **stockfish**.\n|\n|t:|1790881753\n|teamsize|p1|6\n|teamsize|p2|6\n|start\n|switch|p1a: Dragonite|Dragonite|100/100\n|switch|p2a: Umbreon|Umbreon|100/100\n|turn|1\n|\n|t:|1790881756\n|detailschange|p1a: Dragonite|Dragonite-Mega\n|-mega|p1a: Dragonite|Dragonite|Dragoninite\n|move|p1a: Dragonite|Dragon Dance|p1a: Dragonite\n|-boost|p1a: Dragonite|atk|1\n|-boost|p1a: Dragonite|spe|1\n|move|p2a: Umbreon|Toxic|p1a: Dragonite\n|-status|p1a: Dragonite|tox\n|\n|-damage|p1a: Dragonite|94/100 tox|[from] psn\n|upkeep\n|turn|2\n|\n|t:|1790881761\n|switch|p2a: Registeel|Registeel|100/100\n|move|p1a: Dragonite|Outrage|p2a: Registeel\n|-resisted|p2a: Registeel\n|-damage|p2a: Registeel|82/100\n|\n|-heal|p2a: Registeel|88/100|[from] item: Leftovers\n|-damage|p1a: Dragonite|82/100 tox|[from] psn\n|upkeep\n|turn|3\n|\n|t:|1790881767\n|move|p1a: Dragonite|Outrage|p2a: Registeel|[from] lockedmove\n|-resisted|p2a: Registeel\n|-damage|p2a: Registeel|66/100\n|move|p2a: Registeel|Iron Defense|p2a: Registeel\n|-boost|p2a: Registeel|def|2\n|\n|-heal|p2a: Registeel|72/100|[from] item: Leftovers\n|-damage|p1a: Dragonite|63/100 tox|[from] psn\n|upkeep\n|turn|4\n|\n|t:|1790881775\n|move|p1a: Dragonite|Outrage|p2a: Registeel|[from] lockedmove\n|-resisted|p2a: Registeel\n|-damage|p2a: Registeel|61/100\n|-start|p1a: Dragonite|confusion|[fatigue]\n|move|p2a: Registeel|Amnesia|p2a: Registeel\n|-boost|p2a: Registeel|spd|2\n|\n|-heal|p2a: Registeel|68/100|[from] item: Leftovers\n|-damage|p1a: Dragonite|39/100 tox|[from] psn\n|upkeep\n|turn|5\n|\n|t:|1790881777\n|-activate|p1a: Dragonite|confusion\n|-damage|p1a: Dragonite|21/100 tox|[from] confusion\n|move|p2a: Registeel|Iron Defense|p2a: Registeel\n|-boost|p2a: Registeel|def|2\n|\n|-heal|p2a: Registeel|74/100|[from] item: Leftovers\n|-damage|p1a: Dragonite|0 fnt|[from] psn\n|faint|p1a: Dragonite\n|detailschange|p1: Dragonite|Dragonite|[silent]\n|upkeep\n|\n|t:|1790881778\n|switch|p1a: Togekiss|Togekiss|100/100\n|turn|6\n|\n|t:|1790881781\n|move|p1a: Togekiss|Nasty Plot|p1a: Togekiss\n|-boost|p1a: Togekiss|spa|2\n|move|p2a: Registeel|Amnesia|p2a: Registeel\n|-boost|p2a: Registeel|spd|2\n|\n|-heal|p2a: Registeel|80/100|[from] item: Leftovers\n|upkeep\n|turn|7\n|\n|t:|1790881783\n|move|p1a: Togekiss|Alluring Voice|p2a: Registeel\n|-resisted|p2a: Registeel\n|-damage|p2a: Registeel|76/100\n|move|p2a: Registeel|Amnesia|p2a: Registeel\n|-boost|p2a: Registeel|spd|2\n|\n|-heal|p2a: Registeel|82/100|[from] item: Leftovers\n|upkeep\n|turn|8\n|\n|t:|1790881785\n|move|p1a: Togekiss|Nasty Plot|p1a: Togekiss\n|-boost|p1a: Togekiss|spa|2\n|move|p2a: Registeel|Iron Defense|p2a: Registeel\n|-boost|p2a: Registeel|def|2\n|\n|-heal|p2a: Registeel|88/100|[from] item: Leftovers\n|upkeep\n|turn|9\n|\n|t:|1790881787\n|move|p1a: Togekiss|Alluring Voice|p2a: Registeel\n|-resisted|p2a: Registeel\n|-damage|p2a: Registeel|85/100\n|move|p2a: Registeel|Velvet Press|p1a: Togekiss\n|-crit|p1a: Togekiss\n|-damage|p1a: Togekiss|0 fnt\n|faint|p1a: Togekiss\n|\n|-heal|p2a: Registeel|91/100|[from] item: Leftovers\n|upkeep\n|\n|t:|1790881788\n|switch|p1a: Empoleon|Empoleon|100/100\n|turn|10\n|\n|t:|1790881789\n|move|p1a: Empoleon|Haze|p1a: Empoleon\n|-clearallboost\n|move|p2a: Registeel|Velvet Press|p1a: Empoleon\n|-resisted|p1a: Empoleon\n|-damage|p1a: Empoleon|89/100\n|\n|-heal|p1a: Empoleon|96/100|[from] item: Leftovers\n|-heal|p2a: Registeel|97/100|[from] item: Leftovers\n|upkeep\n|turn|11\n|\n|t:|1790881797\n|switch|p2a: Clodsire|Clodsire|100/100\n|move|p1a: Empoleon|Imperial Torrent|p2a: Clodsire\n|-immune|p2a: Clodsire|[from] ability: Water Absorb\n|\n|-heal|p1a: Empoleon|100/100|[from] item: Leftovers\n|upkeep\n|turn|12\n|\n|t:|1790881802\n|move|p1a: Empoleon|Haze|p1a: Empoleon\n|-clearallboost\n|move|p2a: Clodsire|Toxic Spikes|p1a: Empoleon\n|-sidestart|p1: Bunny Stockfish|move: Toxic Spikes\n|\n|upkeep\n|turn|13\n|\n|t:|1790881804\n|switch|p1a: Espeon|Espeon|100/100\n|-status|p1a: Espeon|psn\n|move|p2a: Clodsire|Toxic Spikes|p1a: Espeon\n|move|p1a: Espeon|Toxic Spikes|p2a: Clodsire|[from] ability: Prescience\n|-sidestart|p2: SlimeQueenSamantha|move: Toxic Spikes\n|\n|upkeep\n|turn|14\n|\n|t:|1790881809\n|switch|p2a: Registeel|Registeel|97/100\n|-terastallize|p1a: Espeon|Psychic\n|move|p1a: Espeon|Psychic|p2a: Registeel\n|-resisted|p2a: Registeel\n|-damage|p2a: Registeel|77/100\n|\n|-heal|p2a: Registeel|83/100|[from] item: Leftovers\n|upkeep\n|turn|15\n|\n|t:|1790881812\n|switch|p1a: Empoleon|Empoleon|100/100\n|switch|p2a: Clodsire|Clodsire|100/100\n|-sideend|p2: SlimeQueenSamantha|move: Toxic Spikes|[of] p2a: Clodsire\n|\n|upkeep\n|turn|16\n|\n|t:|1790881816\n|switch|p1a: Espeon|Espeon, tera:Psychic|100/100 psn\n|move|p2a: Clodsire|Toxic Spikes|p1a: Espeon\n|move|p1a: Espeon|Toxic Spikes|p2a: Clodsire|[from] ability: Prescience\n|-sidestart|p2: SlimeQueenSamantha|move: Toxic Spikes\n|\n|upkeep\n|turn|17\n|\n|t:|1790881819\n|switch|p2a: Registeel|Registeel|83/100\n|move|p1a: Espeon|Psychic|p2a: Registeel\n|-resisted|p2a: Registeel\n|-damage|p2a: Registeel|64/100\n|\n|-heal|p2a: Registeel|70/100|[from] item: Leftovers\n|upkeep\n|turn|18\n|\n|t:|1790881822\n|switch|p1a: Empoleon|Empoleon|100/100\n|switch|p2a: Clodsire|Clodsire|100/100\n|-sideend|p2: SlimeQueenSamantha|move: Toxic Spikes|[of] p2a: Clodsire\n|\n|upkeep\n|turn|19\n|\n|t:|1790881825\n|switch|p1a: Espeon|Espeon, tera:Psychic|100/100 psn\n|move|p2a: Clodsire|Earthquake|p1a: Espeon\n|-damage|p1a: Espeon|50/100 psn\n|\n|upkeep\n|turn|20\n|\n|t:|1790881830\n|switch|p1a: Garganacl|Garganacl|100/100\n|-status|p1a: Garganacl|psn\n|switch|p2a: Registeel|Registeel|70/100\n|\n|-heal|p2a: Registeel|76/100|[from] item: Leftovers\n|-damage|p1a: Garganacl|88/100 psn|[from] psn\n|upkeep\n|turn|21\n|\n|t:|1790881834\n|move|p2a: Registeel|Slack Off|p2a: Registeel\n|-heal|p2a: Registeel|100/100\n|move|p1a: Garganacl|Stealth Rock|p2a: Registeel\n|-sidestart|p2: SlimeQueenSamantha|move: Stealth Rock\n|\n|-heal|p1a: Garganacl|94/100 psn|[from] item: Leftovers\n|-damage|p1a: Garganacl|82/100 psn|[from] psn\n|upkeep\n|turn|22\n|\n|t:|1790881850\n|switch|p2a: Clodsire|Clodsire|100/100\n|move|p1a: Garganacl|Recover|p1a: Garganacl\n|-heal|p1a: Garganacl|100/100 psn\n|\n|-damage|p1a: Garganacl|88/100 psn|[from] psn\n|upkeep\n|turn|23\n|\n|t:|1790881856\n|move|p1a: Garganacl|Recover|p1a: Garganacl\n|-heal|p1a: Garganacl|100/100 psn\n|move|p2a: Clodsire|Earthquake|p1a: Garganacl\n|-supereffective|p1a: Garganacl\n|-damage|p1a: Garganacl|64/100 psn\n|\n|-heal|p1a: Garganacl|71/100 psn|[from] item: Leftovers\n|-damage|p1a: Garganacl|58/100 psn|[from] psn\n|upkeep\n|turn|24\n|\n|t:|1790881858\n|move|p1a: Garganacl|Recover|p1a: Garganacl\n|-heal|p1a: Garganacl|100/100 psn\n|move|p2a: Clodsire|Earthquake|p1a: Garganacl\n|-supereffective|p1a: Garganacl\n|-damage|p1a: Garganacl|64/100 psn\n|\n|-heal|p1a: Garganacl|71/100 psn|[from] item: Leftovers\n|-damage|p1a: Garganacl|58/100 psn|[from] psn\n|upkeep\n|turn|25\n|\n|t:|1790881860\n|move|p1a: Garganacl|Recover|p1a: Garganacl\n|-heal|p1a: Garganacl|100/100 psn\n|move|p2a: Clodsire|Toxic Spikes|p1a: Garganacl\n|-sidestart|p1: Bunny Stockfish|move: Toxic Spikes\n|\n|-damage|p1a: Garganacl|88/100 psn|[from] psn\n|upkeep\n|turn|26\n|\n|t:|1790881862\n|move|p1a: Garganacl|Recover|p1a: Garganacl\n|-heal|p1a: Garganacl|100/100 psn\n|move|p2a: Clodsire|Earthquake|p1a: Garganacl\n|-supereffective|p1a: Garganacl\n|-damage|p1a: Garganacl|64/100 psn\n|\n|-heal|p1a: Garganacl|71/100 psn|[from] item: Leftovers\n|-damage|p1a: Garganacl|58/100 psn|[from] psn\n|upkeep\n|turn|27\n|\n|t:|1790881863\n|move|p1a: Garganacl|Recover|p1a: Garganacl\n|-heal|p1a: Garganacl|100/100 psn\n|move|p2a: Clodsire|Earthquake|p1a: Garganacl\n|-supereffective|p1a: Garganacl\n|-damage|p1a: Garganacl|66/100 psn\n|\n|-heal|p1a: Garganacl|73/100 psn|[from] item: Leftovers\n|-damage|p1a: Garganacl|60/100 psn|[from] psn\n|upkeep\n|turn|28\n|\n|t:|1790881864\n|move|p1a: Garganacl|Recover|p1a: Garganacl\n|-heal|p1a: Garganacl|100/100 psn\n|move|p2a: Clodsire|Earthquake|p1a: Garganacl\n|-supereffective|p1a: Garganacl\n|-damage|p1a: Garganacl|63/100 psn\n|\n|-heal|p1a: Garganacl|70/100 psn|[from] item: Leftovers\n|-damage|p1a: Garganacl|57/100 psn|[from] psn\n|upkeep\n|turn|29\n|\n|t:|1790881867\n|move|p1a: Garganacl|Recover|p1a: Garganacl\n|-heal|p1a: Garganacl|100/100 psn\n|move|p2a: Clodsire|Earthquake|p1a: Garganacl\n|-supereffective|p1a: Garganacl\n|-damage|p1a: Garganacl|64/100 psn\n|\n|-heal|p1a: Garganacl|71/100 psn|[from] item: Leftovers\n|-damage|p1a: Garganacl|58/100 psn|[from] psn\n|upkeep\n|turn|30\n|\n|t:|1790881869\n|move|p1a: Garganacl|Recover|p1a: Garganacl\n|-heal|p1a: Garganacl|100/100 psn\n|move|p2a: Clodsire|Earthquake|p1a: Garganacl\n|-supereffective|p1a: Garganacl\n|-damage|p1a: Garganacl|63/100 psn\n|\n|-heal|p1a: Garganacl|69/100 psn|[from] item: Leftovers\n|-damage|p1a: Garganacl|57/100 psn|[from] psn\n|upkeep\n|turn|31\n|\n|t:|1790881870\n|move|p1a: Garganacl|Recover|p1a: Garganacl\n|-heal|p1a: Garganacl|100/100 psn\n|move|p2a: Clodsire|Earthquake|p1a: Garganacl\n|-supereffective|p1a: Garganacl\n|-damage|p1a: Garganacl|66/100 psn\n|\n|-heal|p1a: Garganacl|73/100 psn|[from] item: Leftovers\n|-damage|p1a: Garganacl|60/100 psn|[from] psn\n|upkeep\n|turn|32\n|\n|t:|1790881872\n|move|p1a: Garganacl|Recover|p1a: Garganacl\n|-heal|p1a: Garganacl|100/100 psn\n|move|p2a: Clodsire|Earthquake|p1a: Garganacl\n|-supereffective|p1a: Garganacl\n|-crit|p1a: Garganacl\n|-damage|p1a: Garganacl|50/100 psn\n|\n|-heal|p1a: Garganacl|56/100 psn|[from] item: Leftovers\n|-damage|p1a: Garganacl|43/100 psn|[from] psn\n|upkeep\n|turn|33\n|\n|t:|1790881873\n|move|p1a: Garganacl|Recover|p1a: Garganacl\n|-heal|p1a: Garganacl|93/100 psn\n|move|p2a: Clodsire|Earthquake|p1a: Garganacl\n|-supereffective|p1a: Garganacl\n|-damage|p1a: Garganacl|58/100 psn\n|\n|-heal|p1a: Garganacl|64/100 psn|[from] item: Leftovers\n|-damage|p1a: Garganacl|51/100 psn|[from] psn\n|upkeep\n|turn|34\n|\n|t:|1790881874\n|move|p1a: Garganacl|Recover|p1a: Garganacl\n|-heal|p1a: Garganacl|100/100 psn\n|move|p2a: Clodsire|Earthquake|p1a: Garganacl\n|-supereffective|p1a: Garganacl\n|-damage|p1a: Garganacl|66/100 psn\n|\n|-heal|p1a: Garganacl|73/100 psn|[from] item: Leftovers\n|-damage|p1a: Garganacl|60/100 psn|[from] psn\n|upkeep\n|turn|35\n|\n|t:|1790881875\n|move|p1a: Garganacl|Recover|p1a: Garganacl\n|-heal|p1a: Garganacl|100/100 psn\n|move|p2a: Clodsire|Earthquake|p1a: Garganacl\n|-supereffective|p1a: Garganacl\n|-damage|p1a: Garganacl|64/100 psn\n|\n|-heal|p1a: Garganacl|71/100 psn|[from] item: Leftovers\n|-damage|p1a: Garganacl|58/100 psn|[from] psn\n|upkeep\n|turn|36\n|\n|t:|1790881876\n|move|p1a: Garganacl|Recover|p1a: Garganacl\n|-heal|p1a: Garganacl|100/100 psn\n|move|p2a: Clodsire|Earthquake|p1a: Garganacl\n|-supereffective|p1a: Garganacl\n|-damage|p1a: Garganacl|66/100 psn\n|\n|-heal|p1a: Garganacl|73/100 psn|[from] item: Leftovers\n|-damage|p1a: Garganacl|60/100 psn|[from] psn\n|upkeep\n|turn|37\n|\n|t:|1790881877\n|move|p1a: Garganacl|Recover|p1a: Garganacl\n|-heal|p1a: Garganacl|100/100 psn\n|move|p2a: Clodsire|Earthquake|p1a: Garganacl\n|-supereffective|p1a: Garganacl\n|-damage|p1a: Garganacl|66/100 psn\n|\n|-heal|p1a: Garganacl|73/100 psn|[from] item: Leftovers\n|-damage|p1a: Garganacl|60/100 psn|[from] psn\n|upkeep\n|turn|38\n|\n|t:|1790881880\n|move|p1a: Garganacl|Protect|p1a: Garganacl\n|-singleturn|p1a: Garganacl|Protect\n|move|p2a: Clodsire|Earthquake|p1a: Garganacl\n|-activate|p1a: Garganacl|move: Protect\n|\n|-heal|p1a: Garganacl|66/100 psn|[from] item: Leftovers\n|-damage|p1a: Garganacl|54/100 psn|[from] psn\n|upkeep\n|turn|39\n|\n|t:|1790881883\n|move|p1a: Garganacl|Salt Cure|p2a: Clodsire\n|-resisted|p2a: Clodsire\n|-damage|p2a: Clodsire|95/100\n|-start|p2a: Clodsire|Salt Cure\n|move|p2a: Clodsire|Punishment|p1a: Garganacl\n|-damage|p1a: Garganacl|46/100 psn\n|\n|-heal|p1a: Garganacl|52/100 psn|[from] item: Leftovers\n|-damage|p1a: Garganacl|39/100 psn|[from] psn\n|-damage|p2a: Clodsire|83/100|[from] Salt Cure\n|upkeep\n|turn|40\n|\n|t:|1790881890\n|switch|p1a: Goodra|Goodra-Hisui|100/100\n|switch|p2a: Blissey|Blissey, shiny|100/100\n|\n|upkeep\n|turn|41\n|\n|t:|1790881894\n|move|p2a: Blissey|Stealth Rock|p1a: Goodra\n|-sidestart|p1: Bunny Stockfish|move: Stealth Rock\n|move|p1a: Goodra|Dragon Tail|p2a: Blissey\n|-damage|p2a: Blissey|84/100\n|drag|p2a: Umbreon|Umbreon|100/100\n|-damage|p2a: Umbreon|88/100|[from] Stealth Rock\n|\n|-heal|p2a: Umbreon|94/100|[from] item: Leftovers\n|upkeep\n|turn|42\n|\n|t:|1790881900\n|move|p2a: Umbreon|Toxic|p1a: Goodra\n|-status|p1a: Goodra|tox\n|move|p1a: Goodra|Velvet Press|p2a: Umbreon\n|-supereffective|p2a: Umbreon\n|-damage|p2a: Umbreon|65/100\n|\n|-heal|p2a: Umbreon|71/100|[from] item: Leftovers\n|-damage|p1a: Goodra|94/100 tox|[from] psn\n|upkeep\n|turn|43\n|\n|t:|1790881904\n|-start|p1a: Goodra|Dynamax|\n|-heal|p1a: Goodra|94/100 tox|[silent]\n|move|p2a: Umbreon|Knock Off|p1a: Goodra\n|-crit|p1a: Goodra\n|-damage|p1a: Goodra|78/100 tox\n|-ability|p1a: Goodra|Gooey\n|-unboost|p2a: Umbreon|spe|1\n|-enditem|p1a: Goodra|Assault Vest|[from] move: Knock Off|[of] p2a: Umbreon\n|move|p1a: Goodra|Max Starfall|p2a: Umbreon\n|-supereffective|p2a: Umbreon\n|-damage|p2a: Umbreon|26/100\n|-fieldstart|move: Misty Terrain\n|\n|-heal|p2a: Umbreon|32/100|[from] item: Leftovers\n|-damage|p1a: Goodra|72/100 tox|[from] psn\n|upkeep\n|turn|44\n|\n|t:|1790881916\n|-terastallize|p2a: Umbreon|Poison\n|move|p1a: Goodra|Max Starfall|p2a: Umbreon\n|-resisted|p2a: Umbreon\n|-damage|p2a: Umbreon|21/100\n|move|p2a: Umbreon|Recover|p2a: Umbreon\n|-heal|p2a: Umbreon|71/100\n|\n|-heal|p2a: Umbreon|77/100|[from] item: Leftovers\n|-damage|p1a: Goodra|63/100 tox|[from] psn\n|upkeep\n|turn|45\n|\n|t:|1790881924\n|move|p1a: Goodra|Max Steelspike|p2a: Umbreon\n|-damage|p2a: Umbreon|45/100\n|-boost|p1a: Goodra|def|1\n|move|p2a: Umbreon|Recover|p2a: Umbreon\n|-heal|p2a: Umbreon|95/100\n|\n|-heal|p2a: Umbreon|100/100|[from] item: Leftovers\n|-damage|p1a: Goodra|51/100 tox|[from] psn\n|upkeep\n|-end|p1a: Goodra|Dynamax\n|-heal|p1a: Goodra|51/100 tox|[silent]\n|turn|46\n|\n|t:|1790881930\n|switch|p1a: Empoleon|Empoleon|100/100\n|-damage|p1a: Empoleon|94/100|[from] Stealth Rock\n|move|p2a: Umbreon|Knock Off|p1a: Empoleon\n|-damage|p1a: Empoleon|72/100\n|-enditem|p1a: Empoleon|Leftovers|[from] move: Knock Off|[of] p2a: Umbreon\n|\n|upkeep\n|turn|47\n|\n|t:|1790881937\n|switch|p2a: Clodsire|Clodsire|83/100\n|move|p1a: Empoleon|Roost|p1a: Empoleon\n|-heal|p1a: Empoleon|100/100\n|-singleturn|p1a: Empoleon|move: Roost\n|\n|-fieldend|Misty Terrain\n|upkeep\n|turn|48\n|\n|t:|1790881941\n|move|p1a: Empoleon|Haze|p1a: Empoleon\n|-clearallboost\n|move|p2a: Clodsire|Punishment|p1a: Empoleon\n|-crit|p1a: Empoleon\n|-damage|p1a: Empoleon|80/100\n|\n|upkeep\n|turn|49\n|\n|t:|1790881945\n|switch|p2a: Spiritomb|Spiritomb, shiny|100/100\n|-damage|p2a: Spiritomb|88/100|[from] Stealth Rock\n|move|p1a: Empoleon|Roost|p1a: Empoleon\n|-heal|p1a: Empoleon|100/100\n|-singleturn|p1a: Empoleon|move: Roost\n|\n|-heal|p2a: Spiritomb|94/100|[from] item: Leftovers\n|upkeep\n|turn|50\n|\n|t:|1790881951\n|move|p1a: Empoleon|Imperial Torrent|p2a: Spiritomb\n|-crit|p2a: Spiritomb\n|-damage|p2a: Spiritomb|43/100\n|move|p2a: Spiritomb|Parting Shot|p1a: Empoleon\n|-unboost|p1a: Empoleon|atk|1\n|-ability|p1a: Empoleon|Emperor's Pride|boost\n|-boost|p1a: Empoleon|spa|2\n|-unboost|p1a: Empoleon|spa|1\n|-ability|p1a: Empoleon|Emperor's Pride|boost\n|-boost|p1a: Empoleon|spa|2\n|\n|t:|1790881957\n|switch|p2a: Umbreon|Umbreon, tera:Poison|100/100|[from] Parting Shot\n|-damage|p2a: Umbreon|88/100|[from] Stealth Rock\n|\n|-heal|p2a: Umbreon|94/100|[from] item: Leftovers\n|upkeep\n|turn|51\n|\n|t:|1790881960\n|move|p2a: Umbreon|Toxic|p1a: Empoleon\n|-status|p1a: Empoleon|tox\n|move|p1a: Empoleon|Imperial Torrent|p2a: Umbreon\n|-damage|p2a: Umbreon|28/100\n|\n|-heal|p2a: Umbreon|34/100|[from] item: Leftovers\n|-damage|p1a: Empoleon|94/100 tox|[from] psn\n|upkeep\n|turn|52\n|\n|t:|1790881967\n|switch|p2a: Clodsire|Clodsire|83/100\n|move|p1a: Empoleon|Imperial Torrent|p2a: Clodsire\n|-heal|p2a: Clodsire|100/100|[from] ability: Water Absorb|[of] p1a: Empoleon\n|\n|-damage|p1a: Empoleon|82/100 tox|[from] psn\n|upkeep\n|turn|53\n|\n|t:|1790881971\n|move|p1a: Empoleon|Roost|p1a: Empoleon\n|-heal|p1a: Empoleon|100/100 tox\n|-singleturn|p1a: Empoleon|move: Roost\n|move|p2a: Clodsire|Punishment|p1a: Empoleon\n|-damage|p1a: Empoleon|75/100 tox\n|\n|-damage|p1a: Empoleon|57/100 tox|[from] psn\n|upkeep\n|turn|54\n|\n|t:|1790881974\n|switch|p1a: Espeon|Espeon, tera:Psychic|84/100 psn\n|move|p2a: Clodsire|Punishment|p1a: Espeon\n|-supereffective|p1a: Espeon\n|-damage|p1a: Espeon|27/100 psn\n|\n|upkeep\n|turn|55\n|\n|t:|1790881980\n|switch|p2a: Umbreon|Umbreon, tera:Poison|34/100\n|-damage|p2a: Umbreon|22/100|[from] Stealth Rock\n|move|p1a: Espeon|Psychic|p2a: Umbreon\n|-supereffective|p2a: Umbreon\n|-damage|p2a: Umbreon|0 fnt\n|faint|p2a: Umbreon\n|\n|upkeep\n|\n|t:|1790881986\n|switch|p2a: Spiritomb|Spiritomb, shiny|43/100\n|-damage|p2a: Spiritomb|30/100|[from] Stealth Rock\n|turn|56\n|\n|t:|1790881988\n|move|p1a: Espeon|Alluring Voice|p2a: Spiritomb\n|-supereffective|p2a: Spiritomb\n|-ability|p2a: Spiritomb|Keystone Legion\n|-message|The spirits of the keystone shield Spiritomb!\n|-start|p1a: Espeon|Curse|[of] p2a: Spiritomb\n|-damage|p2a: Spiritomb|1/100\n|move|p2a: Spiritomb|Soul Toll|p1a: Espeon\n|-supereffective|p1a: Espeon\n|-damage|p1a: Espeon|0 fnt\n|-heal|p2a: Spiritomb|11/100|[from] drain|[of] p1a: Espeon\n|faint|p1a: Espeon\n|-message|A soul joins the legion. Spiritomb's keystone mends!\n|\n|-heal|p2a: Spiritomb|17/100|[from] item: Leftovers\n|upkeep\n|\n|t:|1790881988\n|switch|p1a: Goodra|Goodra-Hisui|51/100 tox\n|-damage|p1a: Goodra|45/100 tox|[from] Stealth Rock\n|turn|57\n|\n|t:|1790881996\n|move|p2a: Spiritomb|Soul Toll|p1a: Goodra\n|-damage|p1a: Goodra|0 fnt\n|faint|p1a: Goodra\n|\n|-heal|p2a: Spiritomb|23/100|[from] item: Leftovers\n|upkeep\n|\n|t:|1790881996\n|switch|p1a: Empoleon|Empoleon|57/100 tox\n|-damage|p1a: Empoleon|51/100 tox|[from] Stealth Rock\n|turn|58\n|\n|t:|1790881998\n|move|p1a: Empoleon|Roost|p1a: Empoleon\n|-heal|p1a: Empoleon|100/100 tox\n|-singleturn|p1a: Empoleon|move: Roost\n|move|p2a: Spiritomb|Soul Toll|p1a: Empoleon\n|-damage|p1a: Empoleon|41/100 tox\n|\n|-heal|p2a: Spiritomb|29/100|[from] item: Leftovers\n|-damage|p1a: Empoleon|35/100 tox|[from] psn\n|upkeep\n|turn|59\n|\n|t:|1790882001\n|move|p1a: Empoleon|Imperial Torrent|p2a: Spiritomb\n|-ability|p2a: Spiritomb|Keystone Legion\n|-message|The spirits of the keystone shield Spiritomb!\n|-start|p1a: Empoleon|Curse|[of] p2a: Spiritomb\n|-damage|p2a: Spiritomb|1/100\n|move|p2a: Spiritomb|Soul Toll||[still]\n|cant|p1a: Empoleon|ability: Emperor's Pride|Soul Toll|[of] p2a: Spiritomb\n|\n|-heal|p2a: Spiritomb|7/100|[from] item: Leftovers\n|-damage|p1a: Empoleon|22/100 tox|[from] psn\n|-damage|p1a: Empoleon|0 fnt|[from] Curse\n|faint|p1a: Empoleon\n|-message|A soul joins the legion. Spiritomb's keystone mends!\n|upkeep\n|\n|t:|1790882001\n|switch|p1a: Garganacl|Garganacl|39/100 psn\n|-damage|p1a: Garganacl|27/100 psn|[from] Stealth Rock\n|turn|60\n|\n|t:|1790882003\n|move|p2a: Spiritomb|Soul Toll|p1a: Garganacl\n|-damage|p1a: Garganacl|0 fnt\n|faint|p1a: Garganacl\n|\n|win|SlimeQueenSamantha\n|raw|Bunny Stockfish's rating: 1355 &rarr; <strong>1344</strong><br />(-11 for losing)\n|raw|SlimeQueenSamantha's rating: 1512 &rarr; <strong>1524</strong><br />(+12 for winning)\n|l|☆Bunny Stockfish\n|player|p1|\n",
	"inputlog": ">start {\"formatid\":\"gen9rpou\",\"seed\":\"sodium,4f0d7d94023fea76f5fc7aaa43e61978\",\"rated\":\"Rated battle\"}\n>player p1 {\"name\":\"Bunny Stockfish\",\"avatar\":\"bunny.png\",\"team\":\"Garganacl||Leftovers|Sturdy|StealthRock,SaltCure,Recover,Protect|Careful|252,,52,,204,|N||||,,,,,Fairy]Togekiss||HeavyDutyBoots|SereneGrace|AirSlash,NastyPlot,AlluringVoice,VelvetPress|Modest|252,,,252,4,|N|,0,,,,|||,,,,,Steel]Empoleon||Leftovers|EmperorsPride|ImperialTorrent,Roost,Haze,WaveCharge|Calm|252,,4,,252,|N|,0,,,,|||,,,,,Flying]Espeon||LifeOrb|Prescience|Psychic,AlluringVoice,ShadowBall,CalmMind|Timid|,,,252,4,252|N|,0,,,,|||,,,,,Psychic]Dragonite||Dragoninite|Multiscale|DragonDance,Outrage,Earthquake,IceSpinner|Jolly|,252,4,,,252|N||||,,,,,Ground]Goodra|GoodraHisui|AssaultVest|Gooey|FlashCannon,DragonTail,VelvetPress,IceBeam|Modest|248,,,252,8,|N||||,,,,,Fairy\",\"rating\":1355}\n>player p2 {\"name\":\"SlimeQueenSamantha\",\"avatar\":\"queen.png\",\"team\":\"Lugia||HeavyDutyBoots|Multiscale|CalmMind,AirSlash,EarthPower,Recover|Timid|248,,8,,,252|N|,0,,,,|||,,,,,Ground]Blissey||HeavyDutyBoots|Caretaker|SoftBoiled,StealthRock,Toxic,SeismicToss|Bold|252,,252,,4,|N|,0,,,,|S||,,,,,Water]Registeel||Leftovers|Unaware|SlackOff,IronDefense,Amnesia,velvetpress|Calm|252,,,4,252,|N|,0,,,,|||,,,,,Fairy]Umbreon||Leftovers|MoonlitVenom|Recover,Toxic,KnockOff,Teleport|Careful|252,4,,,252,|N||||,,,,,Poison]Spiritomb||Leftovers|KeystoneLegion|soultoll,StrengthSap,PartingShot,WillOWisp|Careful|252,4,,,252,|N||S||,,,,,Dragon]Clodsire||HeavyDutyBoots|WaterAbsorb|ToxicSpikes,Punishment,Earthquake,Recover|Careful|248,8,244,,8,|N||||,,,,,Fire\",\"rating\":1512}\n>chat ☆Bunny Stockfish|Good luck! Playing on **stockfish**.\n>p1 team 5, 4, 2, 3, 6, 1\n>p2 team 4, 2, 3, 1, 5, 6\n>p1 move dragondance mega\n>p2 move toxic\n>p1 move outrage\n>p2 switch 3\n>p1 move outrage\n>p2 move irondefense\n>p1 move outrage\n>p2 move amnesia\n>p1 move earthquake\n>p2 move irondefense\n>p1 switch 3\n>p1 move nastyplot\n>p2 move amnesia\n>p1 move alluringvoice\n>p2 move amnesia\n>p1 move nastyplot\n>p2 move irondefense\n>p1 move alluringvoice\n>p2 move velvetpress\n>p1 switch 4\n>p1 move haze\n>p2 move velvetpress\n>p1 move imperialtorrent\n>p2 switch 6\n>p1 move haze\n>p2 move toxicspikes\n>p1 switch 2\n>p2 move toxicspikes\n>p1 move psychic terastallize\n>p2 switch 6\n>p1 switch 2\n>p2 switch 6\n>p1 switch 2\n>p2 move toxicspikes\n>p1 move psychic\n>p2 switch 6\n>p1 switch 2\n>p2 switch 6\n>p1 switch 2\n>p2 move earthquake\n>p1 switch 6\n>p2 switch 6\n>p1 move stealthrock\n>p2 move slackoff\n>p1 move recover\n>p2 switch 6\n>p1 move recover\n>p2 move earthquake\n>p1 move recover\n>p2 move earthquake\n>p1 move recover\n>p2 move toxicspikes\n>p1 move recover\n>p2 move earthquake\n>p1 move recover\n>p2 move earthquake\n>p1 move recover\n>p2 move earthquake\n>p1 move recover\n>p2 move earthquake\n>p1 move recover\n>p2 move earthquake\n>p1 move recover\n>p2 move earthquake\n>p1 move recover\n>p2 move earthquake\n>p1 move recover\n>p2 move earthquake\n>p1 move recover\n>p2 move earthquake\n>p1 move recover\n>p2 move earthquake\n>p1 move recover\n>p2 move earthquake\n>p1 move recover\n>p2 move earthquake\n>p1 move protect\n>p2 move earthquake\n>p1 move saltcure\n>p2 move punishment\n>p1 switch 5\n>p2 switch 2\n>p1 move dragontail\n>p2 move stealthrock\n>p1 move velvetpress\n>p2 move toxic\n>p1 move velvetpress dynamax\n>p2 move knockoff\n>p1 move velvetpress dynamax\n>p2 move recover terastallize\n>p1 move flashcannon dynamax\n>p2 move recover\n>p1 switch 2\n>p2 move knockoff\n>p1 move roost\n>p2 switch 2\n>p1 move haze\n>p2 move punishment\n>p1 move roost\n>p2 switch 5\n>p1 move imperialtorrent\n>p2 move partingshot\n>p2 switch 2\n>p1 move imperialtorrent\n>p2 move toxic\n>p1 move imperialtorrent\n>p2 switch 5\n>p1 move roost\n>p2 move punishment\n>p1 switch 6\n>p2 move punishment\n>p1 move psychic\n>p2 switch 5\n>p2 switch 2\n>p1 move alluringvoice\n>p2 move soultoll\n>p1 switch 2\n>p1 move dragontail\n>p2 move soultoll\n>p1 switch 6\n>p1 move roost\n>p2 move soultoll\n>p1 move imperialtorrent\n>p2 move soultoll\n>p1 switch 5\n>p1 move saltcure\n>p2 move soultoll",
	"uploadtime": 1790882013
}