{
	"id": "gen9rpou-6-tlix9t",
	"format": "[Gen 9] RP OU",
	"players": [
		"Bunny Stockfish",
		"SlimeQueenSamantha"
	],
	"rating": null,
	"log": "|j|☆Bunny Stockfish\n|j|☆SlimeQueenSamantha\n|t:|1789674819\n|gametype|singles\n|badge|p1|silver|gen9rpou|2-2\n|badge|p2|gold|gen9rpou|1-1\n|player|p1|Bunny Stockfish|bunny.png|1411\n|player|p2|SlimeQueenSamantha|queen.png|1555\n|gen|9\n|tier|[Gen 9] RP OU\n|rated|\n|rule|HP Percentage Mod: HP is shown in percentages\n|rule|Endless Battle Clause: Forcing endless battles is banned\n|rule|Species Clause: Limit one of each Pokémon\n|rule|OHKO Clause: OHKO moves are banned\n|rule|Evasion Clause: Evasion abilities, items, and moves are banned\n|rule|Evasion Abilities Clause: Evasion abilities are banned\n|rule|Evasion Items Clause: Evasion items are banned\n|rule|Evasion Moves Clause: Evasion moves are banned\n|rule|Sleep Clause Mod: Limit one foe put to sleep\n|clearpoke\n|poke|p1|Walking Wake|\n|poke|p1|Corviknight|\n|poke|p1|Ninetales-Alola|\n|poke|p1|Spiritomb|\n|poke|p1|Dragonite|\n|poke|p1|Rillaboom|\n|poke|p2|Spiritomb|\n|poke|p2|Glaceon|\n|poke|p2|Garchomp|\n|poke|p2|Roserade|\n|poke|p2|Togekiss|\n|poke|p2|Lucario|\n|teampreview\n|c|☆Bunny Stockfish|Good luck! Playing on **stockfish**.\n|\n|t:|1789674849\n|teamsize|p1|6\n|teamsize|p2|6\n|start\n|switch|p1a: Dragonite|Dragonite|100/100\n|switch|p2a: Garchomp|Garchomp|100/100\n|turn|1\n|\n|t:|1789674852\n|-terastallize|p1a: Dragonite|Normal\n|move|p1a: Dragonite|Outrage|p2a: Garchomp\n|-supereffective|p2a: Garchomp\n|-damage|p2a: Garchomp|0 fnt\n|-damage|p1a: Dragonite|88/100|[from] ability: Rough Skin|[of] p2a: Garchomp\n|-damage|p1a: Dragonite|72/100|[from] item: Rocky Helmet|[of] p2a: Garchomp\n|faint|p2a: Garchomp\n|\n|upkeep\n|\n|t:|1789674860\n|switch|p2a: Togekiss|Togekiss|100/100\n|turn|2\n|\n|t:|1789674864\n|move|p2a: Togekiss|U-turn|p1a: Dragonite\n|-damage|p1a: Dragonite|62/100\n|\n|t:|1789674867\n|switch|p2a: Lucario|Lucario|100/100|[from] U-turn\n|move|p1a: Dragonite|Outrage|p2a: Lucario|[from] lockedmove\n|-resisted|p2a: Lucario\n|-damage|p2a: Lucario|19/100\n|-start|p1a: Dragonite|confusion|[fatigue]\n|\n|upkeep\n|turn|3\n|\n|t:|1789674870\n|detailschange|p2a: Lucario|Lucario-Mega-Z\n|-mega|p2a: Lucario|Lucario|Lucarionite Z\n|move|p2a: Lucario|Aura Sphere|p1a: Dragonite\n|-supereffective|p1a: Dragonite\n|-damage|p1a: Dragonite|0 fnt\n|faint|p1a: Dragonite\n|\n|upkeep\n|\n|t:|1789674870\n|switch|p1a: Walking Wake|Walking Wake|100/100\n|turn|4\n|\n|t:|1789674874\n|-start|p1a: Walking Wake|Dynamax|\n|-heal|p1a: Walking Wake|100/100|[silent]\n|move|p2a: Lucario|Aura Sphere|p1a: Walking Wake\n|-damage|p1a: Walking Wake|71/100\n|move|p1a: Walking Wake|Max Flare|p2a: Lucario\n|-supereffective|p2a: Lucario\n|-damage|p2a: Lucario|0 fnt\n|-weather|SunnyDay\n|-activate|p1a: Walking Wake|ability: Protosynthesis\n|-start|p1a: Walking Wake|protosynthesisspa\n|faint|p2a: Lucario\n|detailschange|p2: Lucario|Lucario|[silent]\n|\n|-weather|SunnyDay|[upkeep]\n|upkeep\n|\n|t:|1789674882\n|switch|p2a: Togekiss|Togekiss|100/100\n|turn|5\n|\n|t:|1789674885\n|-start|p2a: Togekiss|Dynamax|\n|-heal|p2a: Togekiss|100/100|[silent]\n|move|p1a: Walking Wake|Max Geyser|p2a: Togekiss\n|-damage|p2a: Togekiss|77/100\n|-weather|RainDance\n|-end|p1a: Walking Wake|Protosynthesis\n|move|p2a: Togekiss|Max Starfall|p1a: Walking Wake\n|-supereffective|p1a: Walking Wake\n|-damage|p1a: Walking Wake|0 fnt\n|-fieldstart|move: Misty Terrain\n|faint|p1a: Walking Wake\n|-end|p1a: Walking Wake|Protosynthesis|[silent]\n|\n|-weather|RainDance|[upkeep]\n|upkeep\n|\n|t:|1789674885\n|switch|p1a: Rillaboom|Rillaboom|100/100\n|-fieldstart|move: Grassy Terrain|[from] ability: Grassy Surge|[of] p1a: Rillaboom\n|turn|6\n|\n|t:|1789674890\n|move|p2a: Togekiss|Max Airstream|p1a: Rillaboom\n|-supereffective|p1a: Rillaboom\n|-damage|p1a: Rillaboom|0 fnt\n|-boost|p2a: Togekiss|spe|1\n|faint|p1a: Rillaboom\n|\n|-weather|RainDance|[upkeep]\n|upkeep\n|\n|t:|1789674891\n|switch|p1a: Ninetales|Ninetales-Alola|100/100\n|-weather|Snowscape|[from] ability: Snow Warning|[of] p1a: Ninetales\n|turn|7\n|\n|t:|1789674894\n|move|p2a: Togekiss|Max Flare|p1a: Ninetales\n|-supereffective|p1a: Ninetales\n|-damage|p1a: Ninetales|12/100\n|-weather|SunnyDay\n|move|p1a: Ninetales|Freeze-Dry|p2a: Togekiss\n|-supereffective|p2a: Togekiss\n|-damage|p2a: Togekiss|56/100\n|\n|-weather|SunnyDay|[upkeep]\n|-heal|p1a: Ninetales|18/100|[from] Grassy Terrain\n|upkeep\n|-end|p2a: Togekiss|Dynamax\n|-heal|p2a: Togekiss|56/100|[silent]\n|turn|8\n|\n|t:|1789674903\n|move|p2a: Togekiss|Flamethrower|p1a: Ninetales\n|-supereffective|p1a: Ninetales\n|-damage|p1a: Ninetales|0 fnt\n|faint|p1a: Ninetales\n|\n|-weather|SunnyDay|[upkeep]\n|upkeep\n|\n|t:|1789674903\n|switch|p1a: Spiritomb|Spiritomb|100/100\n|turn|9\n|\n|t:|1789674905\n|move|p2a: Togekiss|Flamethrower|p1a: Spiritomb\n|-damage|p1a: Spiritomb|74/100\n|move|p1a: Spiritomb|Soul Toll|p2a: Togekiss\n|-damage|p2a: Togekiss|26/100\n|\n|-weather|SunnyDay|[upkeep]\n|-heal|p1a: Spiritomb|80/100|[from] Grassy Terrain\n|-heal|p1a: Spiritomb|86/100|[from] item: Leftovers\n|upkeep\n|turn|10\n|\n|t:|1789674909\n|switch|p2a: Roserade|Roserade|100/100\n|-ability|p2a: Roserade|Masquerade\n|-start|p1a: Spiritomb|move: Taunt\n|move|p1a: Spiritomb|Soul Toll|p2a: Roserade\n|-damage|p2a: Roserade|66/100\n|\n|-weather|SunnyDay|[upkeep]\n|-heal|p2a: Roserade|73/100|[from] Grassy Terrain\n|-heal|p1a: Spiritomb|92/100|[from] Grassy Terrain\n|-heal|p1a: Spiritomb|98/100|[from] item: Leftovers\n|-fieldend|move: Grassy Terrain\n|upkeep\n|turn|11\n|\n|t:|1789674911\n|move|p2a: Roserade|Thorned Bouquet|p1a: Spiritomb\n|-damage|p1a: Spiritomb|71/100\n|-heal|p2a: Roserade|91/100|[from] drain|[of] p1a: Spiritomb\n|-status|p1a: Spiritomb|psn\n|move|p1a: Spiritomb|Soul Toll|p2a: Roserade\n|-damage|p2a: Roserade|57/100\n|\n|-weather|none\n|-heal|p1a: Spiritomb|77/100 psn|[from] item: Leftovers\n|-damage|p1a: Spiritomb|65/100 psn|[from] psn\n|upkeep\n|turn|12\n|\n|t:|1789674917\n|move|p2a: Roserade|Nasty Plot|p2a: Roserade\n|-boost|p2a: Roserade|spa|2\n|move|p1a: Spiritomb|Soul Toll|p2a: Roserade\n|-damage|p2a: Roserade|23/100\n|\n|-heal|p1a: Spiritomb|71/100 psn|[from] item: Leftovers\n|-damage|p1a: Spiritomb|59/100 psn|[from] psn\n|-end|p1a: Spiritomb|move: Taunt\n|upkeep\n|turn|13\n|\n|t:|1789674919\n|move|p2a: Roserade|Thorned Bouquet|p1a: Spiritomb\n|-resisted|p1a: Spiritomb\n|-damage|p1a: Spiritomb|32/100 psn\n|-heal|p2a: Roserade|40/100|[from] drain|[of] p1a: Spiritomb\n|move|p1a: Spiritomb|Soul Toll|p2a: Roserade\n|-damage|p2a: Roserade|8/100\n|\n|-heal|p1a: Spiritomb|38/100 psn|[from] item: Leftovers\n|-damage|p1a: Spiritomb|26/100 psn|[from] psn\n|upkeep\n|turn|14\n|\n|t:|1789674924\n|move|p2a: Roserade|Thorned Bouquet|p1a: Spiritomb\n|-resisted|p1a: Spiritomb\n|-ability|p1a: Spiritomb|Keystone Legion\n|-message|The spirits of the keystone shield Spiritomb!\n|-start|p2a: Roserade|Curse|[of] p1a: Spiritomb\n|-damage|p1a: Spiritomb|1/100 psn\n|-heal|p2a: Roserade|25/100|[from] drain|[of] p1a: Spiritomb\n|move|p1a: Spiritomb|Soul Toll|p2a: Roserade\n|-damage|p2a: Roserade|0 fnt\n|-heal|p1a: Spiritomb|10/100 psn|[from] drain|[of] p2a: Roserade\n|faint|p2a: Roserade\n|-message|A soul joins the legion. Spiritomb's keystone mends!\n|\n|-heal|p1a: Spiritomb|16/100 psn|[from] item: Leftovers\n|-damage|p1a: Spiritomb|4/100 psn|[from] psn\n|upkeep\n|\n|t:|1789674937\n|switch|p2a: Spiritomb|Spiritomb|100/100\n|turn|15\n|\n|t:|1789674939\n|switch|p1a: Corviknight|Corviknight|100/100\n|move|p2a: Spiritomb|Parting Shot|p1a: Corviknight\n|-ability|p1a: Corviknight|Mirror Armor\n|-unboost|p2a: Spiritomb|atk|1\n|-ability|p1a: Corviknight|Mirror Armor\n|-unboost|p2a: Spiritomb|spa|1\n|\n|t:|1789674943\n|switch|p2a: Togekiss|Togekiss|26/100|[from] Parting Shot\n|\n|upkeep\n|turn|16\n|\n|t:|1789674944\n|move|p2a: Togekiss|Flamethrower|p1a: Corviknight\n|-supereffective|p1a: Corviknight\n|-damage|p1a: Corviknight|40/100\n|move|p1a: Corviknight|Iron Defense|p1a: Corviknight\n|-boost|p1a: Corviknight|def|2\n|\n|upkeep\n|turn|17\n|\n|t:|1789674947\n|move|p2a: Togekiss|Flamethrower|p1a: Corviknight\n|-supereffective|p1a: Corviknight\n|-damage|p1a: Corviknight|0 fnt\n|faint|p1a: Corviknight\n|\n|upkeep\n|\n|t:|1789674947\n|switch|p1a: Spiritomb|Spiritomb|4/100 psn\n|turn|18\n|\n|t:|1789674951\n|move|p2a: Togekiss|Flamethrower|p1a: Spiritomb\n|-ability|p1a: Spiritomb|Keystone Legion\n|-message|The spirits of the keystone shield Spiritomb!\n|-start|p2a: Togekiss|Curse|[of] p1a: Spiritomb\n|-damage|p1a: Spiritomb|1/100 psn\n|move|p1a: Spiritomb|Soul Toll|p2a: Togekiss\n|-damage|p2a: Togekiss|0 fnt\n|-heal|p1a: Spiritomb|11/100 psn|[from] drain|[of] p2a: Togekiss\n|faint|p2a: Togekiss\n|-message|A soul joins the legion. Spiritomb's keystone mends!\n|\n|-heal|p1a: Spiritomb|18/100 psn|[from] item: Leftovers\n|-damage|p1a: Spiritomb|5/100 psn|[from] psn\n|upkeep\n|\n|t:|1789674959\n|switch|p2a: Spiritomb|Spiritomb|100/100\n|turn|19\n|\n|t:|1789674960\n|move|p1a: Spiritomb|Soul Toll|p2a: Spiritomb\n|-damage|p2a: Spiritomb|84/100\n|move|p2a: Spiritomb|Parting Shot|p1a: Spiritomb\n|-unboost|p1a: Spiritomb|atk|1\n|-unboost|p1a: Spiritomb|spa|1\n|\n|t:|1789674963\n|switch|p2a: Glaceon|Glaceon|100/100|[from] Parting Shot\n|-weather|Snowscape|[from] ability: Diamond Dust|[of] p2a: Glaceon\n|\n|-weather|Snowscape|[upkeep]\n|-heal|p1a: Spiritomb|11/100 psn|[from] item: Leftovers\n|-damage|p1a: Spiritomb|0 fnt|[from] psn\n|faint|p1a: Spiritomb\n|\n|win|SlimeQueenSamantha\n",
	"inputlog": ">start {\"formatid\":\"gen9rpou\",\"seed\":\"sodium,06c52cd9fcbc7823ea7ffe861dd5eed8\",\"rated\":\"Rated battle\"}\n>player p1 {\"name\":\"Bunny Stockfish\",\"avatar\":\"bunny.png\",\"team\":\"Walking Wake||ChoiceSpecs|Protosynthesis|DracoMeteor,WaveCharge,Flamethrower,HydroPump|Timid|,,,252,4,252|N||||,,,,,Fire]Corviknight||RockyHelmet|MirrorArmor|BodyPress,Defog,IronDefense,Roost|Impish|248,,252,,8,|N||||,,,G,,Dragon]Ninetales|NinetalesAlola|LightClay|SnowWarning|AuroraVeil,Encore,FreezeDry,Roar|Timid|252,,4,,,252|N||||,,,,,Ghost]Spiritomb||Leftovers|KeystoneLegion|SoulToll,CarrionFeast,WillOWisp,PartingShot|Calm|252,,4,,252,|N||||,,,,,Fairy]Dragonite||ChoiceBand|Multiscale|Outrage,ExtremeSpeed,Earthquake,FirePunch|Adamant|,252,4,,,252|N||||,,,,,Normal]Rillaboom||ChoiceBand|GrassySurge|GrassyGlide,WoodHammer,Uturn,KnockOff|Jolly|,252,4,,,252|N||||,,,,,Grass\",\"rating\":1411}\n>player p2 {\"name\":\"SlimeQueenSamantha\",\"avatar\":\"queen.png\",\"team\":\"Spiritomb||Leftovers|KeystoneLegion|SoulToll,StrengthSap,PartingShot,WillOWisp|Calm|252,,4,,252,|N||||,,,,,Fairy]Glaceon||LifeOrb|DiamondDust|Blizzard,FreezeDry,AuroraVeil,EarthPower|Modest|,,4,252,,252|N|,0,,,,|||,,,,,Ice]Garchomp||RockyHelmet|RoughSkin|Earthquake,DragonTail,StealthRock,Spikes|Impish|252,,216,,,40|N||||,,,,,Ghost]Roserade||HeavyDutyBoots|Masquerade|ThornedBouquet,Oxidize,NastyPlot,MortalSpin|Timid|,,,252,4,252|N||||,,,,,Water]Togekiss||ChoiceScarf|SereneGrace|AirSlash,Uturn,AlluringVoice,Flamethrower|Timid|,,,252,4,252|N||||,,,,,Flying]Lucario||LucarioniteZ|Steadfast|NastyPlot,AuraSphere,FlashCannon,HiddenPowerIce|Timid|,,,252,,252|N|,0,,,,|||,Ice,,,,Ghost\",\"rating\":1555}\n>chat ☆Bunny Stockfish|Good luck! Playing on **stockfish**.\n>p1 team 5, 1, 3, 6, 2, 4\n>p2 team 3, 2, 1, 4, 5, 6\n>p1 move outrage terastallize\n>p2 move stealthrock\n>p2 switch 5\n>p1 move outrage\n>p2 move uturn\n>p2 switch 6\n>p1 move outrage\n>p2 move aurasphere mega\n>p1 switch 2\n>p1 move flamethrower dynamax\n>p2 move aurasphere\n>p2 switch 6\n>p1 move hydropump dynamax\n>p2 move alluringvoice dynamax\n>p1 switch 4\n>p1 move woodhammer\n>p2 move airslash dynamax\n>p1 switch 3\n>p1 move freezedry\n>p2 move flamethrower dynamax\n>p1 move freezedry\n>p2 move flamethrower\n>p1 switch 6\n>p1 move soultoll\n>p2 move flamethrower\n>p1 move soultoll\n>p2 switch 4\n>p1 move soultoll\n>p2 move thornedbouquet\n>p1 move soultoll\n>p2 move nastyplot\n>p1 move soultoll\n>p2 move thornedbouquet\n>p1 move soultoll\n>p2 move thornedbouquet\n>p2 switch 3\n>p1 switch 5\n>p2 move partingshot\n>p2 switch 4\n>p1 move irondefense\n>p2 move flamethrower\n>p1 move bodypress\n>p2 move flamethrower\n>p1 switch 5\n>p1 move soultoll\n>p2 move flamethrower\n>p2 switch 4\n>p1 move soultoll\n>p2 move partingshot\n>p2 switch 2",
	"uploadtime": 1789674963
}