{
	"id": "gen9rpou-1-tlhh96",
	"format": "[Gen 9] RP OU",
	"players": [
		"Bunny Stockfish",
		"SlimeQueenSamantha"
	],
	"rating": null,
	"log": "|j|☆Bunny Stockfish\n|j|☆SlimeQueenSamantha\n|t:|1789606620\n|gametype|singles\n|player|p1|Bunny Stockfish|bunny.png|1332\n|player|p2|SlimeQueenSamantha|queen.png|1214\n|gen|9\n|tier|[Gen 9] RP OU\n|rated|\n|rule|HP Percentage Mod: HP is shown in percentages\n|rule|Endless Battle Clause: Forcing endless battles is banned\n|rule|Species Clause: Limit one of each Pokémon\n|rule|OHKO Clause: OHKO moves are banned\n|rule|Evasion Clause: Evasion abilities, items, and moves are banned\n|rule|Evasion Abilities Clause: Evasion abilities are banned\n|rule|Evasion Items Clause: Evasion items are banned\n|rule|Evasion Moves Clause: Evasion moves are banned\n|rule|Sleep Clause Mod: Limit one foe put to sleep\n|clearpoke\n|poke|p1|Iron Crown|\n|poke|p1|Dragonite|\n|poke|p1|Walking Wake|\n|poke|p1|Glimmora|\n|poke|p1|Great Tusk|\n|poke|p1|Cresselia|\n|poke|p2|Spiritomb|\n|poke|p2|Espeon|\n|poke|p2|Clefable|\n|poke|p2|Clodsire|\n|poke|p2|Empoleon|\n|poke|p2|Zygarde|\n|teampreview\n|c|☆Bunny Stockfish|Good luck! Playing on **stockfish**.\n|\n|t:|1789606625\n|teamsize|p1|6\n|teamsize|p2|6\n|start\n|switch|p1a: Iron Crown|Iron Crown|100/100\n|switch|p2a: Espeon|Espeon|100/100\n|turn|1\n|\n|t:|1789606630\n|-start|p1a: Iron Crown|Dynamax|\n|-heal|p1a: Iron Crown|100/100|[silent]\n|move|p1a: Iron Crown|Max Steelspike|p2a: Espeon\n|-damage|p2a: Espeon|31/100\n|-boost|p1a: Iron Crown|def|1\n|move|p2a: Espeon|Teleport|p2a: Espeon\n|\n|t:|1789606640\n|switch|p2a: Clodsire|Clodsire|100/100|[from] Teleport\n|\n|upkeep\n|turn|2\n|\n|t:|1789606642\n|move|p1a: Iron Crown|Max Mindstorm|p2a: Clodsire\n|-supereffective|p2a: Clodsire\n|-damage|p2a: Clodsire|30/100\n|-fieldstart|move: Psychic Terrain\n|move|p2a: Clodsire|Amnesia|p2a: Clodsire\n|-boost|p2a: Clodsire|spd|2\n|\n|upkeep\n|turn|3\n|\n|t:|1789606649\n|-terastallize|p2a: Clodsire|Steel\n|move|p1a: Iron Crown|Max Mindstorm|p2a: Clodsire\n|-resisted|p2a: Clodsire\n|-damage|p2a: Clodsire|19/100\n|move|p2a: Clodsire|Recover|p2a: Clodsire\n|-heal|p2a: Clodsire|69/100\n|\n|upkeep\n|-end|p1a: Iron Crown|Dynamax\n|-heal|p1a: Iron Crown|100/100|[silent]\n|turn|4\n|\n|t:|1789606657\n|move|p1a: Iron Crown|Focus Blast|p2a: Clodsire|[miss]\n|-miss|p1a: Iron Crown|p2a: Clodsire\n|move|p2a: Clodsire|Amnesia|p2a: Clodsire\n|-boost|p2a: Clodsire|spd|2\n|\n|upkeep\n|turn|5\n|\n|t:|1789606661\n|move|p1a: Iron Crown|Focus Blast|p2a: Clodsire|[miss]\n|-miss|p1a: Iron Crown|p2a: Clodsire\n|move|p2a: Clodsire|Earthquake|p1a: Iron Crown\n|-supereffective|p1a: Iron Crown\n|-damage|p1a: Iron Crown|44/100\n|\n|upkeep\n|turn|6\n|\n|t:|1789606664\n|-end|p1a: Iron Crown|Quark Drive|[silent]\n|switch|p1a: Dragonite|Dragonite|100/100\n|move|p2a: Clodsire|Recover|p2a: Clodsire\n|-heal|p2a: Clodsire|100/100\n|\n|-fieldend|move: Psychic Terrain\n|upkeep\n|turn|7\n|\n|t:|1789606667\n|move|p1a: Dragonite|Fire Punch|p2a: Clodsire\n|-supereffective|p2a: Clodsire\n|-damage|p2a: Clodsire|0 fnt\n|faint|p2a: Clodsire\n|\n|upkeep\n|\n|t:|1789606675\n|switch|p2a: Spiritomb|Spiritomb|100/100\n|turn|8\n|\n|t:|1789606677\n|move|p1a: Dragonite|Fire Punch|p2a: Spiritomb\n|-damage|p2a: Spiritomb|65/100\n|move|p2a: Spiritomb|Will-O-Wisp|p1a: Dragonite\n|-status|p1a: Dragonite|brn\n|\n|-heal|p2a: Spiritomb|72/100|[from] item: Leftovers\n|-damage|p1a: Dragonite|94/100 brn|[from] brn\n|upkeep\n|turn|9\n|\n|t:|1789606681\n|move|p1a: Dragonite|Fire Punch|p2a: Spiritomb\n|-damage|p2a: Spiritomb|54/100\n|move|p2a: Spiritomb|Strength Sap|p1a: Dragonite\n|-unboost|p1a: Dragonite|atk|1\n|-heal|p2a: Spiritomb|100/100\n|\n|-damage|p1a: Dragonite|88/100 brn|[from] brn\n|upkeep\n|turn|10\n|\n|t:|1789606684\n|move|p1a: Dragonite|Fire Punch|p2a: Spiritomb\n|-damage|p2a: Spiritomb|89/100\n|move|p2a: Spiritomb|Parting Shot|p1a: Dragonite\n|-unboost|p1a: Dragonite|atk|1\n|-unboost|p1a: Dragonite|spa|1\n|\n|t:|1789606687\n|switch|p2a: Zygarde|Zygarde|100/100|[from] Parting Shot\n|-ability|p2a: Zygarde|Aura Break\n|\n|-damage|p1a: Dragonite|82/100 brn|[from] brn\n|upkeep\n|turn|11\n|\n|t:|1789606689\n|switch|p1a: Glimmora|Glimmora|100/100\n|move|p2a: Zygarde|Coil|p2a: Zygarde\n|-boost|p2a: Zygarde|atk|1\n|-boost|p2a: Zygarde|def|1\n|-boost|p2a: Zygarde|accuracy|1\n|\n|upkeep\n|turn|12\n|\n|t:|1789606693\n|detailschange|p1a: Glimmora|Glimmora-Mega\n|-mega|p1a: Glimmora|Glimmora|Glimmoranite\n|move|p1a: Glimmora|Stealth Rock|p2a: Zygarde\n|-sidestart|p2: SlimeQueenSamantha|move: Stealth Rock\n|move|p2a: Zygarde|Coil|p2a: Zygarde\n|-boost|p2a: Zygarde|atk|1\n|-boost|p2a: Zygarde|def|1\n|-boost|p2a: Zygarde|accuracy|1\n|\n|upkeep\n|turn|13\n|\n|t:|1789606700\n|move|p1a: Glimmora|Earth Power|p2a: Zygarde\n|-damage|p2a: Zygarde|77/100\n|move|p2a: Zygarde|Thousand Arrows|p1a: Glimmora\n|-supereffective|p1a: Glimmora\n|-damage|p1a: Glimmora|0 fnt\n|faint|p1a: Glimmora\n|detailschange|p1: Glimmora|Glimmora|[silent]\n|\n|-heal|p2a: Zygarde|83/100|[from] item: Leftovers\n|upkeep\n|\n|t:|1789606700\n|switch|p1a: Walking Wake|Walking Wake|100/100\n|turn|14\n|\n|t:|1789606704\n|-start|p2a: Zygarde|Dynamax|\n|-heal|p2a: Zygarde|83/100|[silent]\n|move|p1a: Walking Wake|Draco Meteor|p2a: Zygarde\n|-supereffective|p2a: Zygarde\n|-damage|p2a: Zygarde|0 fnt\n|-unboost|p1a: Walking Wake|spa|2\n|faint|p2a: Zygarde\n|\n|upkeep\n|\n|t:|1789606715\n|switch|p2a: Clefable|Clefable|100/100\n|turn|15\n|\n|t:|1789606721\n|-end|p1a: Walking Wake|Protosynthesis|[silent]\n|switch|p1a: Iron Crown|Iron Crown|44/100\n|move|p2a: Clefable|Wish|p2a: Clefable\n|\n|upkeep\n|turn|16\n|\n|t:|1789606723\n|switch|p2a: Espeon|Espeon|65/100\n|move|p1a: Iron Crown|Tachyon Cutter|p2a: Espeon\n|-damage|p2a: Espeon|23/100\n|-crit|p2a: Espeon\n|-damage|p2a: Espeon|0 fnt\n|faint|p2a: Espeon\n|-hitcount|p2: Espeon|2\n|\n|upkeep\n|\n|t:|1789606731\n|switch|p2a: Empoleon|Empoleon|100/100\n|-damage|p2a: Empoleon|94/100|[from] Stealth Rock\n|turn|17\n|\n|t:|1789606733\n|-end|p1a: Iron Crown|Quark Drive|[silent]\n|switch|p1a: Walking Wake|Walking Wake|100/100\n|move|p2a: Empoleon|Royal Decree|p1a: Walking Wake\n|-sidestart|p1: Bunny Stockfish|Spikes\n|-end|p1a: Walking Wake|Protosynthesis|[silent]\n|drag|p1a: Great Tusk|Great Tusk|100/100\n|-damage|p1a: Great Tusk|88/100|[from] Spikes\n|\n|-heal|p2a: Empoleon|100/100|[from] item: Leftovers\n|upkeep\n|turn|18\n|\n|t:|1789606736\n|move|p1a: Great Tusk|Headlong Rush|p2a: Empoleon\n|-supereffective|p2a: Empoleon\n|-damage|p2a: Empoleon|9/100\n|-unboost|p1a: Great Tusk|def|1\n|-unboost|p1a: Great Tusk|spd|1\n|move|p2a: Empoleon|Royal Decree|p1a: Great Tusk\n|-sidestart|p1: Bunny Stockfish|Spikes\n|-end|p1a: Great Tusk|Protosynthesis|[silent]\n|drag|p1a: Iron Crown|Iron Crown|44/100\n|-damage|p1a: Iron Crown|28/100|[from] Spikes\n|\n|-heal|p2a: Empoleon|15/100|[from] item: Leftovers\n|upkeep\n|turn|19\n|\n|t:|1789606739\n|move|p1a: Iron Crown|Focus Blast|p2a: Empoleon\n|-supereffective|p2a: Empoleon\n|-damage|p2a: Empoleon|0 fnt\n|faint|p2a: Empoleon\n|\n|upkeep\n|\n|t:|1789606742\n|switch|p2a: Spiritomb|Spiritomb|89/100\n|-damage|p2a: Spiritomb|77/100|[from] Stealth Rock\n|turn|20\n|\n|t:|1789606748\n|-end|p1a: Iron Crown|Quark Drive|[silent]\n|switch|p1a: Great Tusk|Great Tusk|88/100\n|-damage|p1a: Great Tusk|72/100|[from] Spikes\n|move|p2a: Spiritomb|Strength Sap|p1a: Great Tusk\n|-unboost|p1a: Great Tusk|atk|1\n|-heal|p2a: Spiritomb|100/100\n|\n|upkeep\n|turn|21\n|\n|t:|1789606750\n|move|p1a: Great Tusk|Headlong Rush|p2a: Spiritomb\n|-damage|p2a: Spiritomb|66/100\n|-unboost|p1a: Great Tusk|def|1\n|-unboost|p1a: Great Tusk|spd|1\n|move|p2a: Spiritomb|Will-O-Wisp|p1a: Great Tusk\n|-status|p1a: Great Tusk|brn\n|\n|-heal|p2a: Spiritomb|72/100|[from] item: Leftovers\n|-damage|p1a: Great Tusk|65/100 brn|[from] brn\n|upkeep\n|turn|22\n|\n|t:|1789606753\n|move|p1a: Great Tusk|Headlong Rush|p2a: Spiritomb\n|-damage|p2a: Spiritomb|55/100\n|-unboost|p1a: Great Tusk|def|1\n|-unboost|p1a: Great Tusk|spd|1\n|move|p2a: Spiritomb|Strength Sap|p1a: Great Tusk\n|-unboost|p1a: Great Tusk|atk|1\n|-heal|p2a: Spiritomb|100/100\n|\n|-damage|p1a: Great Tusk|59/100 brn|[from] brn\n|upkeep\n|turn|23\n|\n|t:|1789606755\n|-end|p1a: Great Tusk|Protosynthesis|[silent]\n|switch|p1a: Walking Wake|Walking Wake|100/100\n|-damage|p1a: Walking Wake|84/100|[from] Spikes\n|move|p2a: Spiritomb|Soul Toll|p1a: Walking Wake\n|-damage|p1a: Walking Wake|49/100\n|\n|upkeep\n|turn|24\n|\n|t:|1789606761\n|move|p1a: Walking Wake|Draco Meteor|p2a: Spiritomb\n|-crit|p2a: Spiritomb\n|-damage|p2a: Spiritomb|12/100\n|-unboost|p1a: Walking Wake|spa|2\n|move|p2a: Spiritomb|Strength Sap|p1a: Walking Wake\n|-unboost|p1a: Walking Wake|atk|1\n|-heal|p2a: Spiritomb|61/100\n|\n|-heal|p2a: Spiritomb|67/100|[from] item: Leftovers\n|upkeep\n|turn|25\n|\n|t:|1789606769\n|move|p1a: Walking Wake|Draco Meteor|p2a: Spiritomb\n|-damage|p2a: Spiritomb|36/100\n|-unboost|p1a: Walking Wake|spa|2\n|move|p2a: Spiritomb|Soul Toll|p1a: Walking Wake\n|-damage|p1a: Walking Wake|17/100\n|\n|-heal|p2a: Spiritomb|42/100|[from] item: Leftovers\n|upkeep\n|turn|26\n|\n|t:|1789606775\n|-end|p1a: Walking Wake|Protosynthesis|[silent]\n|switch|p1a: Dragonite|Dragonite|82/100 brn\n|move|p2a: Spiritomb|Strength Sap|p1a: Dragonite\n|-unboost|p1a: Dragonite|atk|1\n|-heal|p2a: Spiritomb|100/100\n|\n|-damage|p1a: Dragonite|76/100 brn|[from] brn\n|upkeep\n|turn|27\n|\n|t:|1789606777\n|move|p1a: Dragonite|Outrage|p2a: Spiritomb\n|-damage|p2a: Spiritomb|74/100\n|move|p2a: Spiritomb|Soul Toll|p1a: Dragonite\n|-damage|p1a: Dragonite|11/100 brn\n|\n|-heal|p2a: Spiritomb|80/100|[from] item: Leftovers\n|-damage|p1a: Dragonite|5/100 brn|[from] brn\n|upkeep\n|turn|28\n|\n|t:|1789606785\n|move|p1a: Dragonite|Outrage|p2a: Spiritomb|[from] lockedmove\n|-damage|p2a: Spiritomb|54/100\n|-start|p1a: Dragonite|confusion|[fatigue]\n|move|p2a: Spiritomb|Strength Sap|p1a: Dragonite\n|-unboost|p1a: Dragonite|atk|1\n|-heal|p2a: Spiritomb|100/100\n|\n|-damage|p1a: Dragonite|0 fnt|[from] brn\n|faint|p1a: Dragonite\n|upkeep\n|\n|t:|1789606786\n|switch|p1a: Walking Wake|Walking Wake|17/100\n|-damage|p1a: Walking Wake|1/100|[from] Spikes\n|turn|29\n|\n|t:|1789606791\n|move|p1a: Walking Wake|Draco Meteor|p2a: Spiritomb\n|-damage|p2a: Spiritomb|42/100\n|-unboost|p1a: Walking Wake|spa|2\n|move|p2a: Spiritomb|Soul Toll|p1a: Walking Wake\n|-damage|p1a: Walking Wake|0 fnt\n|faint|p1a: Walking Wake\n|-end|p1a: Walking Wake|Protosynthesis|[silent]\n|\n|-heal|p2a: Spiritomb|49/100|[from] item: Leftovers\n|upkeep\n|\n|t:|1789606791\n|switch|p1a: Iron Crown|Iron Crown|28/100\n|-damage|p1a: Iron Crown|11/100|[from] Spikes\n|turn|30\n|\n|t:|1789606794\n|move|p1a: Iron Crown|Tachyon Cutter|p2a: Spiritomb\n|-damage|p2a: Spiritomb|27/100\n|-damage|p2a: Spiritomb|5/100\n|-hitcount|p2a: Spiritomb|2\n|move|p2a: Spiritomb|Soul Toll|p1a: Iron Crown\n|-supereffective|p1a: Iron Crown\n|-damage|p1a: Iron Crown|0 fnt\n|faint|p1a: Iron Crown\n|-end|p1a: Iron Crown|Quark Drive|[silent]\n|\n|-heal|p2a: Spiritomb|11/100|[from] item: Leftovers\n|upkeep\n|\n|t:|1789606794\n|switch|p1a: Great Tusk|Great Tusk|59/100 brn\n|-damage|p1a: Great Tusk|43/100 brn|[from] Spikes\n|turn|31\n|\n|t:|1789606801\n|move|p1a: Great Tusk|Headlong Rush|p2a: Spiritomb\n|-ability|p2a: Spiritomb|Keystone Legion\n|-message|The spirits of the keystone shield Spiritomb!\n|-start|p1a: Great Tusk|Curse|[of] p2a: Spiritomb\n|-damage|p2a: Spiritomb|1/100\n|-unboost|p1a: Great Tusk|def|1\n|-unboost|p1a: Great Tusk|spd|1\n|move|p2a: Spiritomb|Strength Sap|p1a: Great Tusk\n|-unboost|p1a: Great Tusk|atk|1\n|-heal|p2a: Spiritomb|97/100\n|\n|-heal|p2a: Spiritomb|100/100|[from] item: Leftovers\n|-damage|p1a: Great Tusk|37/100 brn|[from] brn\n|-damage|p1a: Great Tusk|12/100 brn|[from] Curse\n|upkeep\n|turn|32\n|\n|t:|1789606812\n|move|p2a: Spiritomb|Soul Toll|p1a: Great Tusk\n|-damage|p1a: Great Tusk|0 fnt\n|faint|p1a: Great Tusk\n|-message|A soul joins the legion. Spiritomb's keystone mends!\n|-end|p1a: Great Tusk|Protosynthesis|[silent]\n|\n|upkeep\n|\n|t:|1789606812\n|switch|p1a: Cresselia|Cresselia|100/100\n|turn|33\n|\n|t:|1789606816\n|move|p1a: Cresselia|Calm Mind|p1a: Cresselia\n|-boost|p1a: Cresselia|spa|1\n|-boost|p1a: Cresselia|spd|1\n|move|p2a: Spiritomb|Soul Toll|p1a: Cresselia\n|-supereffective|p1a: Cresselia\n|-damage|p1a: Cresselia|76/100\n|\n|-heal|p1a: Cresselia|82/100|[from] item: Leftovers\n|upkeep\n|turn|34\n|\n|t:|1789606819\n|move|p1a: Cresselia|Calm Mind|p1a: Cresselia\n|-boost|p1a: Cresselia|spa|1\n|-boost|p1a: Cresselia|spd|1\n|move|p2a: Spiritomb|Parting Shot|p1a: Cresselia\n|-unboost|p1a: Cresselia|atk|1\n|-unboost|p1a: Cresselia|spa|1\n|\n|t:|1789606822\n|switch|p2a: Clefable|Clefable|100/100|[from] Parting Shot\n|\n|-heal|p1a: Cresselia|88/100|[from] item: Leftovers\n|upkeep\n|turn|35\n|\n|t:|1789606832\n|move|p1a: Cresselia|Calm Mind|p1a: Cresselia\n|-boost|p1a: Cresselia|spa|1\n|-boost|p1a: Cresselia|spd|1\n|move|p2a: Clefable|Wish|p2a: Clefable\n|\n|-heal|p1a: Cresselia|94/100|[from] item: Leftovers\n|upkeep\n|turn|36\n|\n|t:|1789606835\n|move|p1a: Cresselia|Calm Mind|p1a: Cresselia\n|-boost|p1a: Cresselia|spa|1\n|-boost|p1a: Cresselia|spd|1\n|move|p2a: Clefable|Teleport|p2a: Clefable\n|\n|t:|1789606836\n|switch|p2a: Spiritomb|Spiritomb|100/100|[from] Teleport\n|-damage|p2a: Spiritomb|88/100|[from] Stealth Rock\n|\n|-heal|p2a: Spiritomb|100/100|[from] move: Wish|[wisher] Clefable\n|-heal|p1a: Cresselia|100/100|[from] item: Leftovers\n|upkeep\n|turn|37\n|\n|t:|1789606838\n|-terastallize|p1a: Cresselia|Electric\n|move|p1a: Cresselia|Thunder|p2a: Spiritomb|[miss]\n|-miss|p1a: Cresselia|p2a: Spiritomb\n|move|p2a: Spiritomb|Will-O-Wisp|p1a: Cresselia\n|-status|p1a: Cresselia|brn\n|\n|-damage|p1a: Cresselia|94/100 brn|[from] brn\n|upkeep\n|turn|38\n|\n|t:|1789606843\n|move|p1a: Cresselia|Calm Mind|p1a: Cresselia\n|-boost|p1a: Cresselia|spa|1\n|-boost|p1a: Cresselia|spd|1\n|move|p2a: Spiritomb|Soul Toll|p1a: Cresselia\n|-damage|p1a: Cresselia|85/100 brn\n|\n|-heal|p1a: Cresselia|91/100 brn|[from] item: Leftovers\n|-damage|p1a: Cresselia|85/100 brn|[from] brn\n|upkeep\n|turn|39\n|\n|t:|1789606846\n|move|p1a: Cresselia|Thunder|p2a: Spiritomb\n|-damage|p2a: Spiritomb|47/100\n|move|p2a: Spiritomb|Soul Toll|p1a: Cresselia\n|-damage|p1a: Cresselia|75/100 brn\n|\n|-heal|p1a: Cresselia|81/100 brn|[from] item: Leftovers\n|-heal|p2a: Spiritomb|53/100|[from] item: Leftovers\n|-damage|p1a: Cresselia|75/100 brn|[from] brn\n|upkeep\n|turn|40\n|\n|t:|1789606849\n|move|p1a: Cresselia|Thunder|p2a: Spiritomb|[miss]\n|-miss|p1a: Cresselia|p2a: Spiritomb\n|move|p2a: Spiritomb|Strength Sap|p1a: Cresselia\n|-unboost|p1a: Cresselia|atk|1\n|-heal|p2a: Spiritomb|81/100\n|\n|-heal|p1a: Cresselia|81/100 brn|[from] item: Leftovers\n|-heal|p2a: Spiritomb|87/100|[from] item: Leftovers\n|-damage|p1a: Cresselia|75/100 brn|[from] brn\n|upkeep\n|turn|41\n|\n|t:|1789606855\n|move|p1a: Cresselia|Thunder|p2a: Spiritomb\n|-damage|p2a: Spiritomb|38/100\n|-status|p2a: Spiritomb|par\n|move|p2a: Spiritomb|Soul Toll|p1a: Cresselia\n|-damage|p1a: Cresselia|66/100 brn\n|\n|-heal|p1a: Cresselia|72/100 brn|[from] item: Leftovers\n|-heal|p2a: Spiritomb|44/100 par|[from] item: Leftovers\n|-damage|p1a: Cresselia|66/100 brn|[from] brn\n|upkeep\n|turn|42\n|\n|t:|1789606860\n|move|p1a: Cresselia|Thunder|p2a: Spiritomb|[miss]\n|-miss|p1a: Cresselia|p2a: Spiritomb\n|move|p2a: Spiritomb|Soul Toll|p1a: Cresselia\n|-damage|p1a: Cresselia|55/100 brn\n|\n|-heal|p1a: Cresselia|61/100 brn|[from] item: Leftovers\n|-heal|p2a: Spiritomb|50/100 par|[from] item: Leftovers\n|-damage|p1a: Cresselia|55/100 brn|[from] brn\n|upkeep\n|turn|43\n|\n|t:|1789606863\n|move|p1a: Cresselia|Thunder|p2a: Spiritomb\n|-damage|p2a: Spiritomb|2/100 par\n|move|p2a: Spiritomb|Soul Toll|p1a: Cresselia\n|-damage|p1a: Cresselia|44/100 brn\n|\n|-heal|p1a: Cresselia|50/100 brn|[from] item: Leftovers\n|-heal|p2a: Spiritomb|8/100 par|[from] item: Leftovers\n|-damage|p1a: Cresselia|44/100 brn|[from] brn\n|upkeep\n|turn|44\n|\n|t:|1789606867\n|move|p1a: Cresselia|Thunder|p2a: Spiritomb\n|-ability|p2a: Spiritomb|Keystone Legion\n|-message|The spirits of the keystone shield Spiritomb!\n|-start|p1a: Cresselia|Curse|[of] p2a: Spiritomb\n|-damage|p2a: Spiritomb|1/100 par\n|move|p2a: Spiritomb|Soul Toll|p1a: Cresselia\n|-damage|p1a: Cresselia|33/100 brn\n|-heal|p2a: Spiritomb|7/100 par|[from] drain|[of] p1a: Cresselia\n|\n|-heal|p1a: Cresselia|39/100 brn|[from] item: Leftovers\n|-heal|p2a: Spiritomb|13/100 par|[from] item: Leftovers\n|-damage|p1a: Cresselia|33/100 brn|[from] brn\n|-damage|p1a: Cresselia|8/100 brn|[from] Curse\n|upkeep\n|turn|45\n|\n|t:|1789606879\n|move|p1a: Cresselia|Thunder|p2a: Spiritomb|[miss]\n|-miss|p1a: Cresselia|p2a: Spiritomb\n|move|p2a: Spiritomb|Strength Sap|p1a: Cresselia\n|-unboost|p1a: Cresselia|atk|1\n|-heal|p2a: Spiritomb|34/100 par\n|\n|-heal|p1a: Cresselia|14/100 brn|[from] item: Leftovers\n|-heal|p2a: Spiritomb|40/100 par|[from] item: Leftovers\n|-damage|p1a: Cresselia|8/100 brn|[from] brn\n|-damage|p1a: Cresselia|0 fnt|[from] Curse\n|faint|p1a: Cresselia\n|-message|A soul joins the legion. Spiritomb's keystone mends!\n|\n|win|SlimeQueenSamantha\n",
	"inputlog": ">start {\"formatid\":\"gen9rpou\",\"seed\":\"sodium,ca56676d5069170fa1aa1b12cef2a17e\",\"rated\":\"Rated battle\"}\n>player p1 {\"name\":\"Bunny Stockfish\",\"avatar\":\"bunny.png\",\"team\":\"Iron Crown||ChoiceSpecs|QuarkDrive|TachyonCutter,PsychicNoise,VoltSwitch,FocusBlast|Timid|,,,252,4,252|N||||,,,,,Fighting]Dragonite||ChoiceBand|Multiscale|Outrage,ExtremeSpeed,IceSpinner,FirePunch|Adamant|,252,4,,,252|N||||,,,,,Normal]Walking Wake||ChoiceSpecs|Protosynthesis|HydroSteam,DracoMeteor,Flamethrower,FlipTurn|Modest|12,,,244,,252|N||||,,,,,Fairy]Glimmora||Glimmoranite|Corrosion|StealthRock,MortalSpin,EarthPower,PowerGem|Bold|252,,252,,4,|N||||,,,,,Ghost]Great Tusk||RockyHelmet|Protosynthesis|HeadlongRush,IceSpinner,RapidSpin,KnockOff|Jolly|,252,4,,,252|N||||,,,,,Fighting]Cresselia||Leftovers|Levitate|CalmMind,Thunder,IceBeam,Moonlight|Bold|252,,204,,,52|N||||,,,,,Electric\",\"rating\":1332}\n>player p2 {\"name\":\"SlimeQueenSamantha\",\"avatar\":\"queen.png\",\"team\":\"Spiritomb||Leftovers|KeystoneLegion|SoulToll,StrengthSap,PartingShot,WillOWisp|Calm|252,,4,,252,|N||||,,,,,Ghost]Espeon||Leftovers|Prescience|Recover,FutureSight,Teleport,Reflect|Bold|252,,4,,,252|N|,0,,,,|||,,,,,Steel]Clefable||HeavyDutyBoots|Unaware|Teleport,Wish,HealBell,Protect|Bold|252,,252,4,,|N|,0,,,,|||,,,,,Fairy]Clodsire||HeavyDutyBoots|Unaware|Earthquake,Recover,Toxic,Amnesia|Careful|248,,8,,252,|N||||,,,,,Steel]Empoleon||Leftovers|EmperorsPride|Scald,FreezeDry,RoyalDecree,Roost|Bold|252,,252,4,,|N|,0,,,,|||,,,,,Water]Zygarde||Leftovers|AuraBreak|ThousandArrows,Coil,Rest,Glare|Adamant|252,252,,,4,|N||||,,,,,Dragon\",\"rating\":1214}\n>chat ☆Bunny Stockfish|Good luck! Playing on **stockfish**.\n>p1 team 1, 3, 5, 2, 6, 4\n>p2 team 2, 1, 3, 4, 5, 6\n>p1 move tachyoncutter dynamax\n>p2 move teleport\n>p2 switch 4\n>p1 move psychicnoise dynamax\n>p2 move amnesia\n>p1 move psychicnoise dynamax\n>p2 move recover terastallize\n>p1 move focusblast\n>p2 move amnesia\n>p1 move focusblast\n>p2 move earthquake\n>p1 switch 4\n>p2 move recover\n>p1 move firepunch\n>p2 move toxic\n>p2 switch 2\n>p1 move firepunch\n>p2 move willowisp\n>p1 move firepunch\n>p2 move strengthsap\n>p1 move firepunch\n>p2 move partingshot\n>p2 switch 6\n>p1 switch 6\n>p2 move coil\n>p1 move stealthrock mega\n>p2 move coil\n>p1 move earthpower\n>p2 move thousandarrows\n>p1 switch 2\n>p1 move dracometeor\n>p2 move thousandarrows dynamax\n>p2 switch 3\n>p1 switch 4\n>p2 move wish\n>p1 move tachyoncutter\n>p2 switch 4\n>p2 switch 5\n>p1 switch 4\n>p2 move royaldecree\n>p1 move headlongrush\n>p2 move royaldecree\n>p1 move focusblast\n>p2 move roost\n>p2 switch 6\n>p1 switch 4\n>p2 move strengthsap\n>p1 move headlongrush\n>p2 move willowisp\n>p1 move headlongrush\n>p2 move strengthsap\n>p1 switch 3\n>p2 move soultoll\n>p1 move dracometeor\n>p2 move strengthsap\n>p1 move dracometeor\n>p2 move soultoll\n>p1 switch 6\n>p2 move strengthsap\n>p1 move outrage\n>p2 move soultoll\n>p1 move outrage\n>p2 move strengthsap\n>p1 switch 6\n>p1 move dracometeor\n>p2 move soultoll\n>p1 switch 4\n>p1 move tachyoncutter\n>p2 move soultoll\n>p1 switch 3\n>p1 move headlongrush\n>p2 move strengthsap\n>p1 move headlongrush\n>p2 move soultoll\n>p1 switch 5\n>p1 move calmmind\n>p2 move soultoll\n>p1 move calmmind\n>p2 move partingshot\n>p2 switch 4\n>p1 move calmmind\n>p2 move wish\n>p1 move calmmind\n>p2 move teleport\n>p2 switch 4\n>p1 move thunder terastallize\n>p2 move willowisp\n>p1 move calmmind\n>p2 move soultoll\n>p1 move thunder\n>p2 move soultoll\n>p1 move thunder\n>p2 move strengthsap\n>p1 move thunder\n>p2 move soultoll\n>p1 move thunder\n>p2 move soultoll\n>p1 move thunder\n>p2 move soultoll\n>p1 move thunder\n>p2 move soultoll\n>p1 move thunder\n>p2 move strengthsap",
	"uploadtime": 1789606879
}