{
	"id": "gen9rpou-3-tlvuiv",
	"format": "[Gen 9] RP OU",
	"players": [
		"Bunny Stockfish",
		"SlimeQueenSamantha"
	],
	"rating": null,
	"log": "|j|☆Bunny Stockfish\n|j|☆SlimeQueenSamantha\n|t:|1790278416\n|gametype|singles\n|badge|p1|bronze|gen9rpou|3-3\n|badge|p2|silver|gen9rpou|2-2\n|player|p1|Bunny Stockfish|bunny.png|1367\n|player|p2|SlimeQueenSamantha|queen.png|1429\n|gen|9\n|tier|[Gen 9] RP OU\n|rated|\n|rule|HP Percentage Mod: HP is shown in percentages\n|rule|Endless Battle Clause: Forcing endless battles is banned\n|rule|Species Clause: Limit one of each Pokémon\n|rule|OHKO Clause: OHKO moves are banned\n|rule|Evasion Clause: Evasion abilities, items, and moves are banned\n|rule|Evasion Abilities Clause: Evasion abilities are banned\n|rule|Evasion Items Clause: Evasion items are banned\n|rule|Evasion Moves Clause: Evasion moves are banned\n|rule|Sleep Clause Mod: Limit one foe put to sleep\n|clearpoke\n|poke|p1|Flareon|\n|poke|p1|Enamorus-Therian|\n|poke|p1|Kingambit|\n|poke|p1|Great Tusk|\n|poke|p1|Empoleon|\n|poke|p1|Kyurem|\n|poke|p2|Banette, F|\n|poke|p2|Ursaluna-Bloodmoon, M|\n|poke|p2|Magearna|\n|poke|p2|Hatterene, F|\n|poke|p2|Kingambit|\n|poke|p2|Stakataka|\n|teampreview\n|c|☆Bunny Stockfish|Good luck! Playing on **stockfish**.\n|\n|t:|1790278431\n|teamsize|p1|6\n|teamsize|p2|6\n|start\n|switch|p1a: Flareon|Flareon|100/100\n|switch|p2a: Banette|Banette, F, shiny|100/100\n|-status|p1a: Flareon|brn|[from] ability: Kindled Fury|[of] p1a: Flareon\n|-item|p1a: Flareon|Choice Band|[from] ability: Frisk|[of] p2a: Banette\n|turn|1\n|\n|t:|1790278436\n|detailschange|p2a: Banette|Banette-Mega-Halloween, F, shiny\n|-mega|p2a: Banette|Banette|Banettite-Halloween\n|-ability|p2a: Banette|Witching Hour\n|-message|The Witching Hour has struck! Banette's tricks can't be stopped, not even by Dark types!\n|-message|Banette's Poltergeist became Witch's Snatch!\n|-start|p1a: Flareon|Dynamax|\n|-heal|p1a: Flareon|100/100 brn|[silent]\n|move|p2a: Banette|Witch's Snatch|p1a: Flareon\n|-damage|p1a: Flareon|0 fnt\n|-enditem|p1a: Flareon|Choice Band|[from] move: Witch's Snatch|[of] p2a: Banette\n|faint|p1a: Flareon\n|\n|upkeep\n|\n|t:|1790278437\n|switch|p1a: Kingambit|Kingambit|100/100\n|-activate|p1a: Kingambit|ability: Supreme Overlord\n|-start|p1a: Kingambit|fallen1|[silent]\n|turn|2\n|\n|t:|1790278447\n|move|p2a: Banette|Twilight Exit|p2a: Banette\n|-fieldstart|move: Trick Room|[of] p2a: Banette\n|\n|t:|1790278452\n|switch|p2a: Ursaluna|Ursaluna-Bloodmoon, M|100/100|[from] Twilight Exit\n|move|p1a: Kingambit|Kowtow Cleave|p2a: Ursaluna\n|-damage|p2a: Ursaluna|57/100\n|\n|-heal|p2a: Ursaluna|63/100|[from] item: Leftovers\n|upkeep\n|turn|3\n|\n|t:|1790278454\n|-end|p1a: Kingambit|fallen1|[silent]\n|switch|p1a: Empoleon|Empoleon|100/100\n|move|p2a: Ursaluna|Calm Mind|p2a: Ursaluna\n|-boost|p2a: Ursaluna|spa|1\n|-boost|p2a: Ursaluna|spd|1\n|\n|-heal|p2a: Ursaluna|69/100|[from] item: Leftovers\n|upkeep\n|turn|4\n|\n|t:|1790278456\n|move|p2a: Ursaluna|Earth Power|p1a: Empoleon\n|-supereffective|p1a: Empoleon\n|-damage|p1a: Empoleon|5/100\n|-unboost|p1a: Empoleon|spd|1\n|-ability|p1a: Empoleon|Emperor's Pride|boost\n|-boost|p1a: Empoleon|spa|2\n|move|p1a: Empoleon|Imperial Torrent|p2a: Ursaluna\n|-supereffective|p2a: Ursaluna\n|-damage|p2a: Ursaluna|0 fnt\n|faint|p2a: Ursaluna\n|\n|-heal|p1a: Empoleon|11/100|[from] item: Leftovers\n|upkeep\n|\n|t:|1790278469\n|switch|p2a: Hatterene|Hatterene, F|100/100\n|turn|5\n|\n|t:|1790278472\n|move|p2a: Hatterene|Dazzling Gleam|p1a: Empoleon\n|-resisted|p1a: Empoleon\n|-damage|p1a: Empoleon|0 fnt\n|faint|p1a: Empoleon\n|\n|upkeep\n|\n|t:|1790278472\n|switch|p1a: Kingambit|Kingambit|100/100\n|-activate|p1a: Kingambit|ability: Supreme Overlord\n|-start|p1a: Kingambit|fallen2|[silent]\n|turn|6\n|\n|t:|1790278477\n|move|p2a: Hatterene|Dazzling Gleam|p1a: Kingambit\n|-damage|p1a: Kingambit|54/100\n|move|p1a: Kingambit|Swords Dance|p1a: Kingambit\n|-boost|p1a: Kingambit|atk|2\n|\n|-fieldend|move: Trick Room\n|upkeep\n|turn|7\n|\n|t:|1790278480\n|move|p1a: Kingambit|Kowtow Cleave|p2a: Hatterene\n|-enditem|p2a: Hatterene|Focus Sash\n|-damage|p2a: Hatterene|1/100\n|move|p2a: Hatterene|Trick Room|p2a: Hatterene\n|-fieldstart|move: Trick Room|[of] p2a: Hatterene\n|\n|upkeep\n|turn|8\n|\n|t:|1790278484\n|move|p1a: Kingambit|Sucker Punch||[still]\n|-fail|p1a: Kingambit\n|move|p2a: Hatterene|Healing Wish|p2a: Hatterene\n|faint|p2a: Hatterene\n|\n|upkeep\n|\n|t:|1790278489\n|switch|p2a: Stakataka|Stakataka|100/100\n|turn|9\n|\n|t:|1790278491\n|-end|p1a: Kingambit|fallen2|[silent]\n|switch|p1a: Great Tusk|Great Tusk|100/100\n|move|p2a: Stakataka|Earthquake|p1a: Great Tusk\n|-damage|p1a: Great Tusk|65/100\n|-damage|p2a: Stakataka|91/100|[from] item: Life Orb\n|\n|upkeep\n|turn|10\n|\n|t:|1790278494\n|move|p2a: Stakataka|Gyro Ball|p1a: Great Tusk\n|-damage|p1a: Great Tusk|0 fnt\n|-damage|p2a: Stakataka|74/100|[from] item: Rocky Helmet|[of] p1a: Great Tusk\n|faint|p1a: Great Tusk\n|-end|p1a: Great Tusk|Protosynthesis|[silent]\n|-ability|p2a: Stakataka|Beast Boost|boost\n|-boost|p2a: Stakataka|atk|1\n|-damage|p2a: Stakataka|64/100|[from] item: Life Orb\n|\n|upkeep\n|\n|t:|1790278494\n|switch|p1a: Enamorus|Enamorus-Therian|100/100\n|turn|11\n|\n|t:|1790278496\n|-terastallize|p1a: Enamorus|Ground\n|move|p2a: Stakataka|Gyro Ball|p1a: Enamorus\n|-damage|p1a: Enamorus|0 fnt\n|faint|p1a: Enamorus\n|-ability|p2a: Stakataka|Beast Boost|boost\n|-boost|p2a: Stakataka|atk|1\n|-damage|p2a: Stakataka|54/100|[from] item: Life Orb\n|\n|-fieldend|move: Trick Room\n|upkeep\n|\n|t:|1790278497\n|switch|p1a: Kyurem|Kyurem|100/100\n|-ability|p1a: Kyurem|Pressure\n|turn|12\n|\n|t:|1790278500\n|move|p1a: Kyurem|Earth Power|p2a: Stakataka\n|-supereffective|p2a: Stakataka\n|-damage|p2a: Stakataka|0 fnt\n|faint|p2a: Stakataka\n|\n|upkeep\n|\n|t:|1790278505\n|switch|p2a: Banette|Banette-Mega-Halloween, F, shiny|100/100\n|-ability|p2a: Banette|Witching Hour\n|-message|The Witching Hour has struck! Banette's tricks can't be stopped, not even by Dark types!\n|turn|13\n|\n|t:|1790278506\n|move|p1a: Kyurem|Earth Power|p2a: Banette\n|-damage|p2a: Banette|52/100\n|-unboost|p2a: Banette|spd|1\n|move|p2a: Banette|Witch's Snatch|p1a: Kyurem\n|-damage|p1a: Kyurem|0 fnt\n|-enditem|p1a: Kyurem|Choice Scarf|[from] move: Witch's Snatch|[of] p2a: Banette\n|faint|p1a: Kyurem\n|\n|upkeep\n|\n|t:|1790278506\n|switch|p1a: Kingambit|Kingambit|54/100\n|-activate|p1a: Kingambit|ability: Supreme Overlord\n|-start|p1a: Kingambit|fallen5|[silent]\n|turn|14\n|\n|t:|1790278509\n|move|p2a: Banette|Destiny Bond|p2a: Banette\n|-singlemove|p2a: Banette|Destiny Bond\n|move|p1a: Kingambit|Kowtow Cleave|p2a: Banette\n|-damage|p2a: Banette|0 fnt\n|faint|p2a: Banette\n|-activate|p2a: Banette|move: Destiny Bond\n|detailschange|p2: Banette|Banette, F, shiny|[silent]\n|faint|p1a: Kingambit\n|-end|p1a: Kingambit|fallen5|[silent]\n|\n|win|SlimeQueenSamantha\n",
	"inputlog": ">start {\"formatid\":\"gen9rpou\",\"seed\":\"sodium,c951b180b8cb934788e39b853cd2272e\",\"rated\":\"Rated battle\"}\n>player p1 {\"name\":\"Bunny Stockfish\",\"avatar\":\"bunny.png\",\"team\":\"Flareon||ChoiceBand|KindledFury|FlareBlitz,CloseCombat,SparkScamper,Facade|Adamant|,252,4,,,252|N||||,,,,,Normal]Enamorus|EnamorusTherian|HeavyDutyBoots|Overcoat|CalmMind,DrainingKiss,EarthPower,HiddenPower|Modest|248,,8,252,,|N||||,Dark,,,,Ground]Kingambit||BlackGlasses|SupremeOverlord|SwordsDance,SuckerPunch,KowtowCleave,LowKick|Adamant|252,252,,,4,|N||||,,,,,Dark]Great Tusk||RockyHelmet|Protosynthesis|HeadlongRush,IceSpinner,RapidSpin,KnockOff|Jolly|,252,4,,,252|N||||,,,,,Ice]Empoleon||Leftovers|EmperorsPride|ImperialTorrent,Roost,StealthRock,WaveCharge|Calm|252,,4,,252,|N|,0,,,,|||,,,,,Flying]Kyurem||ChoiceScarf|Pressure|IceBeam,DracoMeteor,FreezeDry,EarthPower|Modest|,,,252,4,252|N|,0,,,,|||,,,,,Ice\",\"rating\":1367}\n>player p2 {\"name\":\"SlimeQueenSamantha\",\"avatar\":\"queen.png\",\"team\":\"Banette||BanettiteHalloween|Frisk|Poltergeist,ShadowSneak,DestinyBond,twilightexit|Adamant|4,252,,,,252|F||S||,,,,,Ghost]Ursaluna|UrsalunaBloodmoon|Leftovers|MindsEye|CalmMind,BloodMoon,HyperVoice,EarthPower|Modest|252,,4,252,,|M||||,,,,,Normal]Magearna||Leftovers|SoulHeart|TrickRoom,VoltSwitch,FleurCannon,FlashCannon|Quiet|252,,,252,4,|N|,0,,,,|||,,,,,Steel]Hatterene||FocusSash|MagicBounce|TrickRoom,PsychicNoise,DazzlingGleam,HealingWish|Quiet|252,,4,252,,|F|,0,,,,0|||,,,,,Water]Kingambit||Leftovers|SupremeOverlord|KnockOff,SuckerPunch,IronHead,SwordsDance|Adamant|252,252,,,4,|N||||,,,,,Dark]Stakataka||LifeOrb|BeastBoost|TrickRoom,GyroBall,StoneEdge,Earthquake|Lonely|252,252,,,4,|N|,,15,,,0|||,,,,,Rock\",\"rating\":1429}\n>chat ☆Bunny Stockfish|Good luck! Playing on **stockfish**.\n>p1 team 1, 4, 6, 5, 3, 2\n>p2 team 1, 2, 3, 4, 5, 6\n>p1 move flareblitz dynamax\n>p2 move poltergeist mega\n>p1 switch 5\n>p1 move kowtowcleave\n>p2 move twilightexit\n>p2 switch 2\n>p1 switch 4\n>p2 move calmmind\n>p1 move imperialtorrent\n>p2 move earthpower\n>p2 switch 4\n>p1 move imperialtorrent\n>p2 move dazzlinggleam\n>p1 switch 4\n>p1 move swordsdance\n>p2 move dazzlinggleam\n>p1 move kowtowcleave\n>p2 move trickroom\n>p1 move suckerpunch\n>p2 move healingwish\n>p2 switch 6\n>p1 switch 2\n>p2 move earthquake\n>p1 move headlongrush\n>p2 move gyroball\n>p1 switch 6\n>p1 move earthpower terastallize\n>p2 move gyroball\n>p1 switch 3\n>p1 move earthpower\n>p2 move gyroball\n>p2 switch 2\n>p1 move earthpower\n>p2 move witchssnatch\n>p1 switch 2\n>p1 move kowtowcleave\n>p2 move destinybond",
	"uploadtime": 1790278509
}