{
	"id": "gen9rpou-20-tliry4",
	"format": "[Gen 9] RP OU",
	"players": [
		"Bunny Stockfish",
		"SlimeQueenSamantha"
	],
	"rating": null,
	"log": "|j|☆Bunny Stockfish\n|j|☆SlimeQueenSamantha\n|t:|1789669486\n|gametype|singles\n|player|p1|Bunny Stockfish|bunny.png|1332\n|player|p2|SlimeQueenSamantha|queen.png|1613\n|gen|9\n|tier|[Gen 9] RP OU\n|rated|\n|rule|HP Percentage Mod: HP is shown in percentages\n|rule|Endless Battle Clause: Forcing endless battles is banned\n|rule|Species Clause: Limit one of each Pokémon\n|rule|OHKO Clause: OHKO moves are banned\n|rule|Evasion Clause: Evasion abilities, items, and moves are banned\n|rule|Evasion Abilities Clause: Evasion abilities are banned\n|rule|Evasion Items Clause: Evasion items are banned\n|rule|Evasion Moves Clause: Evasion moves are banned\n|rule|Sleep Clause Mod: Limit one foe put to sleep\n|clearpoke\n|poke|p1|Zapdos|\n|poke|p1|Gholdengo|\n|poke|p1|Samurott-Hisui|\n|poke|p1|Iron Valiant|\n|poke|p1|Ninetales|\n|poke|p1|Ting-Lu|\n|poke|p2|Spiritomb|\n|poke|p2|Glaceon|\n|poke|p2|Garchomp|\n|poke|p2|Roserade|\n|poke|p2|Togekiss|\n|poke|p2|Lucario|\n|teampreview\n|c|☆Bunny Stockfish|Good luck! Playing on **stockfish**.\n|\n|t:|1789669492\n|teamsize|p1|6\n|teamsize|p2|6\n|start\n|switch|p1a: Ting-Lu|Ting-Lu|100/100\n|switch|p2a: Garchomp|Garchomp|100/100\n|-ability|p1a: Ting-Lu|Vessel of Ruin\n|turn|1\n|\n|t:|1789669494\n|-start|p1a: Ting-Lu|Dynamax|\n|-heal|p1a: Ting-Lu|100/100|[silent]\n|move|p2a: Garchomp|Stealth Rock|p1a: Ting-Lu\n|-sidestart|p1: Bunny Stockfish|move: Stealth Rock\n|move|p1a: Ting-Lu|Max Darkness|p2a: Garchomp\n|-damage|p2a: Garchomp|83/100\n|-unboost|p2a: Garchomp|spd|1\n|\n|upkeep\n|turn|2\n|\n|t:|1789669496\n|move|p2a: Garchomp|Spikes|p1a: Ting-Lu\n|-sidestart|p1: Bunny Stockfish|Spikes\n|move|p1a: Ting-Lu|Max Darkness|p2a: Garchomp\n|-damage|p2a: Garchomp|59/100\n|-unboost|p2a: Garchomp|spd|1\n|\n|upkeep\n|turn|3\n|\n|t:|1789669497\n|move|p2a: Garchomp|Spikes|p1a: Ting-Lu\n|-sidestart|p1: Bunny Stockfish|Spikes\n|move|p1a: Ting-Lu|Max Quake|p2a: Garchomp\n|-damage|p2a: Garchomp|27/100\n|-boost|p1a: Ting-Lu|spd|1\n|\n|upkeep\n|-end|p1a: Ting-Lu|Dynamax\n|-heal|p1a: Ting-Lu|100/100|[silent]\n|turn|4\n|\n|t:|1789669500\n|move|p1a: Ting-Lu|Earthquake|p2a: Garchomp\n|-damage|p2a: Garchomp|2/100\n|move|p2a: Garchomp|Dragon Tail|p1a: Ting-Lu\n|-damage|p1a: Ting-Lu|89/100\n|-damage|p2a: Garchomp|0 fnt|[from] item: Rocky Helmet|[of] p1a: Ting-Lu\n|faint|p2a: Garchomp\n|drag|p1a: Gholdengo|Gholdengo|100/100\n|-damage|p1a: Gholdengo|94/100|[from] Stealth Rock\n|-damage|p1a: Gholdengo|78/100|[from] Spikes\n|\n|-heal|p1a: Gholdengo|84/100|[from] item: Leftovers\n|upkeep\n|\n|t:|1789669508\n|switch|p2a: Spiritomb|Spiritomb|100/100\n|turn|5\n|\n|t:|1789669512\n|switch|p1a: Ting-Lu|Ting-Lu|89/100\n|-damage|p1a: Ting-Lu|82/100|[from] Stealth Rock\n|-damage|p1a: Ting-Lu|66/100|[from] Spikes\n|-ability|p1a: Ting-Lu|Vessel of Ruin\n|move|p2a: Spiritomb|Soul Toll|p1a: Ting-Lu\n|-resisted|p1a: Ting-Lu\n|-damage|p1a: Ting-Lu|59/100\n|\n|upkeep\n|turn|6\n|\n|t:|1789669514\n|move|p1a: Ting-Lu|Ruination|p2a: Spiritomb\n|-damage|p2a: Spiritomb|50/100\n|move|p2a: Spiritomb|Will-O-Wisp|p1a: Ting-Lu\n|-status|p1a: Ting-Lu|brn\n|\n|-heal|p2a: Spiritomb|57/100|[from] item: Leftovers\n|-damage|p1a: Ting-Lu|53/100 brn|[from] brn\n|upkeep\n|turn|7\n|\n|t:|1789669516\n|move|p1a: Ting-Lu|Ruination|p2a: Spiritomb\n|-damage|p2a: Spiritomb|29/100\n|move|p2a: Spiritomb|Strength Sap|p1a: Ting-Lu\n|-unboost|p1a: Ting-Lu|atk|1\n|-heal|p2a: Spiritomb|97/100\n|\n|-heal|p2a: Spiritomb|100/100|[from] item: Leftovers\n|-damage|p1a: Ting-Lu|47/100 brn|[from] brn\n|upkeep\n|turn|8\n|\n|t:|1789669518\n|move|p1a: Ting-Lu|Ruination|p2a: Spiritomb\n|-damage|p2a: Spiritomb|50/100\n|move|p2a: Spiritomb|Soul Toll|p1a: Ting-Lu\n|-resisted|p1a: Ting-Lu\n|-damage|p1a: Ting-Lu|35/100 brn\n|\n|-heal|p2a: Spiritomb|57/100|[from] item: Leftovers\n|-damage|p1a: Ting-Lu|28/100 brn|[from] brn\n|upkeep\n|turn|9\n|\n|t:|1789669521\n|switch|p1a: Samurott|Samurott-Hisui|100/100\n|-damage|p1a: Samurott|88/100|[from] Stealth Rock\n|-damage|p1a: Samurott|72/100|[from] Spikes\n|move|p2a: Spiritomb|Strength Sap|p1a: Samurott\n|-unboost|p1a: Samurott|atk|1\n|-heal|p2a: Spiritomb|100/100\n|\n|upkeep\n|turn|10\n|\n|t:|1789669524\n|move|p1a: Samurott|Aqua Cutter|p2a: Spiritomb\n|-damage|p2a: Spiritomb|75/100\n|move|p2a: Spiritomb|Will-O-Wisp|p1a: Samurott\n|-status|p1a: Samurott|brn\n|\n|-heal|p2a: Spiritomb|81/100|[from] item: Leftovers\n|-damage|p1a: Samurott|66/100 brn|[from] brn\n|upkeep\n|turn|11\n|\n|t:|1789669527\n|move|p1a: Samurott|Aqua Cutter|p2a: Spiritomb\n|-damage|p2a: Spiritomb|69/100\n|move|p2a: Spiritomb|Strength Sap|p1a: Samurott\n|-unboost|p1a: Samurott|atk|1\n|-heal|p2a: Spiritomb|100/100\n|\n|-damage|p1a: Samurott|60/100 brn|[from] brn\n|upkeep\n|turn|12\n|\n|t:|1789669530\n|move|p1a: Samurott|Aqua Cutter|p2a: Spiritomb\n|-damage|p2a: Spiritomb|91/100\n|move|p2a: Spiritomb|Soul Toll|p1a: Samurott\n|-resisted|p1a: Samurott\n|-crit|p1a: Samurott\n|-damage|p1a: Samurott|27/100 brn\n|\n|-heal|p2a: Spiritomb|97/100|[from] item: Leftovers\n|-damage|p1a: Samurott|21/100 brn|[from] brn\n|upkeep\n|turn|13\n|\n|t:|1789669532\n|switch|p1a: Ting-Lu|Ting-Lu|28/100 brn\n|-damage|p1a: Ting-Lu|22/100 brn|[from] Stealth Rock\n|-damage|p1a: Ting-Lu|6/100 brn|[from] Spikes\n|-ability|p1a: Ting-Lu|Vessel of Ruin\n|move|p2a: Spiritomb|Soul Toll|p1a: Ting-Lu\n|-resisted|p1a: Ting-Lu\n|-damage|p1a: Ting-Lu|0 fnt\n|faint|p1a: Ting-Lu\n|\n|-heal|p2a: Spiritomb|100/100|[from] item: Leftovers\n|upkeep\n|\n|t:|1789669533\n|switch|p1a: Zapdos|Zapdos|100/100\n|turn|14\n|\n|t:|1789669535\n|move|p1a: Zapdos|Hurricane|p2a: Spiritomb\n|-damage|p2a: Spiritomb|76/100\n|-start|p2a: Spiritomb|confusion\n|-activate|p2a: Spiritomb|confusion\n|move|p2a: Spiritomb|Will-O-Wisp|p1a: Zapdos\n|-status|p1a: Zapdos|brn\n|\n|-heal|p2a: Spiritomb|82/100|[from] item: Leftovers\n|-damage|p1a: Zapdos|94/100 brn|[from] brn\n|upkeep\n|turn|15\n|\n|t:|1789669538\n|move|p1a: Zapdos|Hurricane|p2a: Spiritomb\n|-damage|p2a: Spiritomb|53/100\n|-end|p2a: Spiritomb|confusion\n|move|p2a: Spiritomb|Strength Sap|p1a: Zapdos\n|-unboost|p1a: Zapdos|atk|1\n|-heal|p2a: Spiritomb|98/100\n|\n|-heal|p2a: Spiritomb|100/100|[from] item: Leftovers\n|-damage|p1a: Zapdos|88/100 brn|[from] brn\n|upkeep\n|turn|16\n|\n|t:|1789669545\n|move|p1a: Zapdos|Hurricane|p2a: Spiritomb\n|-damage|p2a: Spiritomb|72/100\n|move|p2a: Spiritomb|Soul Toll|p1a: Zapdos\n|-damage|p1a: Zapdos|33/100 brn\n|\n|-heal|p2a: Spiritomb|78/100|[from] item: Leftovers\n|-damage|p1a: Zapdos|27/100 brn|[from] brn\n|upkeep\n|turn|17\n|\n|t:|1789669548\n|move|p1a: Zapdos|Hurricane|p2a: Spiritomb|[miss]\n|-miss|p1a: Zapdos|p2a: Spiritomb\n|move|p2a: Spiritomb|Soul Toll|p1a: Zapdos\n|-damage|p1a: Zapdos|0 fnt\n|faint|p1a: Zapdos\n|\n|-heal|p2a: Spiritomb|84/100|[from] item: Leftovers\n|upkeep\n|\n|t:|1789669548\n|switch|p1a: Iron Valiant|Iron Valiant|100/100\n|-damage|p1a: Iron Valiant|94/100|[from] Stealth Rock\n|-damage|p1a: Iron Valiant|78/100|[from] Spikes\n|-enditem|p1a: Iron Valiant|Booster Energy\n|-activate|p1a: Iron Valiant|ability: Quark Drive|[fromitem]\n|-start|p1a: Iron Valiant|quarkdrivespe\n|turn|18\n|\n|t:|1789669553\n|-terastallize|p1a: Iron Valiant|Dark\n|move|p1a: Iron Valiant|Spirit Break|p2a: Spiritomb\n|-supereffective|p2a: Spiritomb\n|-damage|p2a: Spiritomb|27/100\n|-unboost|p2a: Spiritomb|spa|1\n|move|p2a: Spiritomb|Strength Sap|p1a: Iron Valiant\n|-unboost|p1a: Iron Valiant|atk|1\n|-heal|p2a: Spiritomb|100/100\n|\n|upkeep\n|turn|19\n|\n|t:|1789669562\n|move|p1a: Iron Valiant|Spirit Break|p2a: Spiritomb\n|-supereffective|p2a: Spiritomb\n|-damage|p2a: Spiritomb|57/100\n|-unboost|p2a: Spiritomb|spa|1\n|move|p2a: Spiritomb|Will-O-Wisp|p1a: Iron Valiant\n|-status|p1a: Iron Valiant|brn\n|\n|-heal|p2a: Spiritomb|63/100|[from] item: Leftovers\n|-damage|p1a: Iron Valiant|71/100 brn|[from] brn\n|upkeep\n|turn|20\n|\n|t:|1789669568\n|move|p1a: Iron Valiant|Spirit Break|p2a: Spiritomb\n|-supereffective|p2a: Spiritomb\n|-damage|p2a: Spiritomb|42/100\n|-unboost|p2a: Spiritomb|spa|1\n|move|p2a: Spiritomb|Strength Sap|p1a: Iron Valiant\n|-unboost|p1a: Iron Valiant|atk|1\n|-heal|p2a: Spiritomb|100/100\n|\n|-damage|p1a: Iron Valiant|65/100 brn|[from] brn\n|upkeep\n|turn|21\n|\n|t:|1789669571\n|move|p1a: Iron Valiant|Spirit Break|p2a: Spiritomb\n|-supereffective|p2a: Spiritomb\n|-damage|p2a: Spiritomb|86/100\n|-unboost|p2a: Spiritomb|spa|1\n|move|p2a: Spiritomb|Soul Toll|p1a: Iron Valiant\n|-resisted|p1a: Iron Valiant\n|-damage|p1a: Iron Valiant|32/100 brn\n|\n|-heal|p2a: Spiritomb|92/100|[from] item: Leftovers\n|-damage|p1a: Iron Valiant|25/100 brn|[from] brn\n|upkeep\n|turn|22\n|\n|t:|1789669575\n|move|p1a: Iron Valiant|Spirit Break|p2a: Spiritomb\n|-supereffective|p2a: Spiritomb\n|-damage|p2a: Spiritomb|77/100\n|-unboost|p2a: Spiritomb|spa|1\n|move|p2a: Spiritomb|Soul Toll|p1a: Iron Valiant\n|-resisted|p1a: Iron Valiant\n|-damage|p1a: Iron Valiant|0 fnt\n|faint|p1a: Iron Valiant\n|-end|p1a: Iron Valiant|Quark Drive|[silent]\n|\n|-heal|p2a: Spiritomb|83/100|[from] item: Leftovers\n|upkeep\n|\n|t:|1789669576\n|switch|p1a: Ninetales|Ninetales|100/100\n|-damage|p1a: Ninetales|76/100|[from] Stealth Rock\n|-damage|p1a: Ninetales|59/100|[from] Spikes\n|-weather|SunnyDay|[from] ability: Drought|[of] p1a: Ninetales\n|turn|23\n|\n|t:|1789669586\n|move|p1a: Ninetales|Overheat|p2a: Spiritomb\n|-damage|p2a: Spiritomb|51/100\n|-unboost|p1a: Ninetales|spa|2\n|move|p2a: Spiritomb|Soul Toll|p1a: Ninetales\n|-damage|p1a: Ninetales|28/100\n|\n|-weather|SunnyDay|[upkeep]\n|-heal|p2a: Spiritomb|57/100|[from] item: Leftovers\n|upkeep\n|turn|24\n|\n|t:|1789669589\n|move|p1a: Ninetales|Overheat|p2a: Spiritomb\n|-damage|p2a: Spiritomb|39/100\n|-unboost|p1a: Ninetales|spa|2\n|move|p2a: Spiritomb|Soul Toll|p1a: Ninetales\n|-damage|p1a: Ninetales|0 fnt\n|faint|p1a: Ninetales\n|\n|-weather|SunnyDay|[upkeep]\n|-heal|p2a: Spiritomb|45/100|[from] item: Leftovers\n|upkeep\n|\n|t:|1789669589\n|switch|p1a: Gholdengo|Gholdengo|84/100\n|-damage|p1a: Gholdengo|78/100|[from] Stealth Rock\n|-damage|p1a: Gholdengo|61/100|[from] Spikes\n|turn|25\n|\n|t:|1789669592\n|move|p1a: Gholdengo|Make It Rain|p2a: Spiritomb\n|-damage|p2a: Spiritomb|14/100\n|-unboost|p1a: Gholdengo|spa|1\n|move|p2a: Spiritomb|Soul Toll|p1a: Gholdengo\n|-supereffective|p1a: Gholdengo\n|-damage|p1a: Gholdengo|26/100\n|\n|-weather|SunnyDay|[upkeep]\n|-heal|p1a: Gholdengo|32/100|[from] item: Leftovers\n|-heal|p2a: Spiritomb|21/100|[from] item: Leftovers\n|upkeep\n|turn|26\n|\n|t:|1789669596\n|move|p1a: Gholdengo|Hex|p2a: Spiritomb\n|-damage|p2a: Spiritomb|9/100\n|move|p2a: Spiritomb|Soul Toll|p1a: Gholdengo\n|-supereffective|p1a: Gholdengo\n|-damage|p1a: Gholdengo|0 fnt\n|faint|p1a: Gholdengo\n|\n|-weather|SunnyDay|[upkeep]\n|-heal|p2a: Spiritomb|15/100|[from] item: Leftovers\n|upkeep\n|\n|t:|1789669596\n|switch|p1a: Samurott|Samurott-Hisui|21/100 brn\n|-damage|p1a: Samurott|9/100 brn|[from] Stealth Rock\n|-damage|p1a: Samurott|0 fnt|[from] Spikes\n|faint|p1a: Samurott\n|\n|win|SlimeQueenSamantha\n",
	"inputlog": ">start {\"formatid\":\"gen9rpou\",\"seed\":\"sodium,3b29c46a3c65b32d4e9ea141fa62beff\",\"rated\":\"Rated battle\"}\n>player p1 {\"name\":\"Bunny Stockfish\",\"avatar\":\"bunny.png\",\"team\":\"Zapdos||HeavyDutyBoots|Static|Hurricane,Uturn,ThunderWave,Roost|Bold|248,,252,8,,|N|,0,,,,|||,,,,,Grass]Gholdengo||Leftovers|GoodasGold|Hex,ThunderWave,Recover,MakeItRain|Bold|252,,196,,,60|N||||,,,,,Water]Samurott|SamurottHisui|AssaultVest|Sharpness|CeaselessEdge,AquaCutter,SuckerPunch,KnockOff|Adamant|248,84,,,124,52|N||||,,,,,Poison]Iron Valiant||BoosterEnergy|QuarkDrive|SwordsDance,CloseCombat,KnockOff,SpiritBreak|Jolly|,252,4,,,252|N||||,,,,,Dark]Ninetales||HeatRock|Drought|Overheat,Encore,HealingWish,WillOWisp|Timid|252,,4,,,252|N|,0,,,,|||,,,,,Grass]Ting-Lu||RockyHelmet|VesselofRuin|StealthRock,Earthquake,Ruination,Spikes|Impish|252,,4,,252,|N||||,,,,,Poison\",\"rating\":1332}\n>player p2 {\"name\":\"SlimeQueenSamantha\",\"avatar\":\"queen.png\",\"team\":\"Spiritomb||Leftovers|KeystoneLegion|SoulToll,StrengthSap,PartingShot,WillOWisp|Calm|252,,4,,252,|N||||,,,,,Fairy]Glaceon||LifeOrb|DiamondDust|Blizzard,FreezeDry,AuroraVeil,EarthPower|Modest|,,4,252,,252|N|,0,,,,|||,,,,,Ice]Garchomp||RockyHelmet|RoughSkin|Earthquake,DragonTail,StealthRock,Spikes|Impish|252,,216,,,40|N||||,,,,,Ghost]Roserade||HeavyDutyBoots|Masquerade|ThornedBouquet,Oxidize,NastyPlot,MortalSpin|Timid|,,,252,4,252|N||||,,,,,Water]Togekiss||ChoiceScarf|SereneGrace|AirSlash,Uturn,AlluringVoice,Flamethrower|Timid|,,,252,4,252|N||||,,,,,Flying]Lucario||LucarioniteZ|Steadfast|NastyPlot,AuraSphere,FlashCannon,HiddenPowerIce|Timid|,,,252,,252|N|,0,,,,|||,Ice,,,,Ghost\",\"rating\":1613}\n>chat ☆Bunny Stockfish|Good luck! Playing on **stockfish**.\n>p1 team 6, 4, 5, 1, 2, 3\n>p2 team 3, 2, 1, 4, 5, 6\n>p1 move ruination dynamax\n>p2 move stealthrock\n>p1 move ruination dynamax\n>p2 move spikes\n>p1 move earthquake dynamax\n>p2 move spikes\n>p1 move earthquake\n>p2 move dragontail\n>p2 switch 3\n>p1 switch 5\n>p2 move soultoll\n>p1 move ruination\n>p2 move willowisp\n>p1 move ruination\n>p2 move strengthsap\n>p1 move ruination\n>p2 move soultoll\n>p1 switch 6\n>p2 move strengthsap\n>p1 move aquacutter\n>p2 move willowisp\n>p1 move aquacutter\n>p2 move strengthsap\n>p1 move aquacutter\n>p2 move soultoll\n>p1 switch 6\n>p2 move soultoll\n>p1 switch 4\n>p1 move hurricane\n>p2 move willowisp\n>p1 move hurricane\n>p2 move strengthsap\n>p1 move hurricane\n>p2 move soultoll\n>p1 move hurricane\n>p2 move soultoll\n>p1 switch 2\n>p1 move spiritbreak terastallize\n>p2 move strengthsap\n>p1 move spiritbreak\n>p2 move willowisp\n>p1 move spiritbreak\n>p2 move strengthsap\n>p1 move spiritbreak\n>p2 move soultoll\n>p1 move spiritbreak\n>p2 move soultoll\n>p1 switch 3\n>p1 move overheat\n>p2 move soultoll\n>p1 move overheat\n>p2 move soultoll\n>p1 switch 5\n>p1 move makeitrain\n>p2 move soultoll\n>p1 move hex\n>p2 move soultoll\n>p1 switch 6",
	"uploadtime": 1789669596
}