{
	"id": "gen9rpou-8-tlj90j",
	"format": "[Gen 9] RP OU",
	"players": [
		"Bunny Stockfish",
		"TheRealWhimsicott"
	],
	"rating": null,
	"log": "|j|☆Bunny Stockfish\n|j|☆TheRealWhimsicott\n|t:|1789761980\n|gametype|singles\n|badge|p1|bronze|gen9rpou|3-3\n|badge|p2|silver|gen9rpou|2-2\n|player|p1|Bunny Stockfish|bunny.png|1352\n|player|p2|TheRealWhimsicott|266|1402\n|gen|9\n|tier|[Gen 9] RP OU\n|rated|\n|rule|HP Percentage Mod: HP is shown in percentages\n|rule|Endless Battle Clause: Forcing endless battles is banned\n|rule|Species Clause: Limit one of each Pokémon\n|rule|OHKO Clause: OHKO moves are banned\n|rule|Evasion Clause: Evasion abilities, items, and moves are banned\n|rule|Evasion Abilities Clause: Evasion abilities are banned\n|rule|Evasion Items Clause: Evasion items are banned\n|rule|Evasion Moves Clause: Evasion moves are banned\n|rule|Sleep Clause Mod: Limit one foe put to sleep\n|clearpoke\n|poke|p1|Ninetales-Alola|\n|poke|p1|Dragapult|\n|poke|p1|Swampert|\n|poke|p1|Roserade|\n|poke|p1|Cresselia|\n|poke|p1|Simipour|\n|poke|p2|Kingambit|\n|poke|p2|Haxorus|\n|poke|p2|Pawmot|\n|poke|p2|Glaceon|\n|poke|p2|Tinkaton, F|\n|poke|p2|Corviknight|\n|teampreview\n|c|☆Bunny Stockfish|Good luck! Playing on **stockfish**.\n|\n|t:|1789761989\n|teamsize|p1|6\n|teamsize|p2|6\n|start\n|switch|p1a: Simipour|Simipour|100/100\n|switch|p2a: Pawmot|Pawmot|100/100\n|-weather|RainDance|[from] ability: Tidal Surge|[of] p1a: Simipour\n|turn|1\n|\n|t:|1789761991\n|-terastallize|p1a: Simipour|Water\n|-activate|p1a: Simipour|item: Elemental Banana\n|move|p2a: Pawmot|Spark Scamper|p1a: Simipour\n|-supereffective|p1a: Simipour\n|-damage|p1a: Simipour|6/100\n|move|p1a: Simipour|Liquidation|p2a: Pawmot\n|-damage|p2a: Pawmot|0 fnt\n|faint|p2a: Pawmot\n|\n|-weather|RainDance|[upkeep]\n|upkeep\n|\n|t:|1789761999\n|switch|p2a: Kingambit|Kingambit|100/100\n|-activate|p2a: Kingambit|ability: Supreme Overlord\n|-start|p2a: Kingambit|fallen1|[silent]\n|turn|2\n|\n|t:|1789762000\n|move|p2a: Kingambit|Sucker Punch|p1a: Simipour\n|-damage|p1a: Simipour|0 fnt\n|faint|p1a: Simipour\n|\n|-weather|RainDance|[upkeep]\n|upkeep\n|\n|t:|1789762000\n|switch|p1a: Ninetales|Ninetales-Alola|100/100\n|-weather|Snowscape|[from] ability: Snow Warning|[of] p1a: Ninetales\n|turn|3\n|\n|t:|1789762002\n|move|p1a: Ninetales|Encore|p2a: Kingambit\n|-start|p2a: Kingambit|Encore\n|move|p2a: Kingambit|Sucker Punch||[still]\n|-fail|p2a: Kingambit\n|\n|-weather|Snowscape|[upkeep]\n|upkeep\n|turn|4\n|\n|t:|1789762006\n|-end|p2a: Kingambit|fallen1|[silent]\n|switch|p2a: Corviknight|Corviknight|100/100\n|-ability|p2a: Corviknight|Pressure\n|move|p1a: Ninetales|Encore||[still]\n|-fail|p1a: Ninetales\n|\n|-weather|Snowscape|[upkeep]\n|upkeep\n|turn|5\n|\n|t:|1789762010\n|switch|p1a: Cresselia|Cresselia|100/100\n|move|p2a: Corviknight|U-turn|p1a: Cresselia\n|-supereffective|p1a: Cresselia\n|-damage|p1a: Cresselia|82/100\n|\n|t:|1789762012\n|switch|p2a: Kingambit|Kingambit|100/100|[from] U-turn\n|-activate|p2a: Kingambit|ability: Supreme Overlord\n|-start|p2a: Kingambit|fallen1|[silent]\n|\n|-weather|Snowscape|[upkeep]\n|-heal|p1a: Cresselia|89/100|[from] item: Leftovers\n|upkeep\n|turn|6\n|\n|t:|1789762013\n|move|p1a: Cresselia|Thunderbolt|p2a: Kingambit\n|-damage|p2a: Kingambit|76/100\n|move|p2a: Kingambit|Swords Dance|p2a: Kingambit\n|-boost|p2a: Kingambit|atk|2\n|\n|-weather|Snowscape|[upkeep]\n|-heal|p1a: Cresselia|95/100|[from] item: Leftovers\n|upkeep\n|turn|7\n|\n|t:|1789762015\n|-start|p1a: Cresselia|Dynamax|\n|-heal|p1a: Cresselia|95/100|[silent]\n|move|p1a: Cresselia|Max Lightning|p2a: Kingambit\n|-damage|p2a: Kingambit|43/100\n|-fieldstart|move: Electric Terrain\n|move|p2a: Kingambit|Swords Dance|p2a: Kingambit\n|-boost|p2a: Kingambit|atk|2\n|\n|-weather|none\n|-heal|p1a: Cresselia|98/100|[from] item: Leftovers\n|upkeep\n|turn|8\n|\n|t:|1789762025\n|move|p1a: Cresselia|Max Lightning|p2a: Kingambit\n|-damage|p2a: Kingambit|6/100\n|move|p2a: Kingambit|Knock Off|p1a: Cresselia\n|-supereffective|p1a: Cresselia\n|-damage|p1a: Cresselia|0 fnt\n|-enditem|p1a: Cresselia|Leftovers|[from] move: Knock Off|[of] p2a: Kingambit\n|faint|p1a: Cresselia\n|\n|upkeep\n|\n|t:|1789762025\n|switch|p1a: Swampert|Swampert|100/100\n|turn|9\n|\n|t:|1789762032\n|-terastallize|p2a: Kingambit|Dark\n|move|p2a: Kingambit|Sucker Punch|p1a: Swampert\n|-damage|p1a: Swampert|0 fnt\n|faint|p1a: Swampert\n|\n|upkeep\n|\n|t:|1789762032\n|switch|p1a: Roserade|Roserade|100/100\n|-ability|p1a: Roserade|Masquerade\n|-start|p2a: Kingambit|move: Taunt\n|turn|10\n|\n|t:|1789762036\n|move|p2a: Kingambit|Sucker Punch|p1a: Roserade\n|-enditem|p1a: Roserade|Focus Sash\n|-damage|p1a: Roserade|1/100\n|move|p1a: Roserade|Thorned Bouquet|p2a: Kingambit\n|-damage|p2a: Kingambit|0 fnt\n|-heal|p1a: Roserade|5/100|[from] drain|[of] p2a: Kingambit\n|faint|p2a: Kingambit\n|-end|p2a: Kingambit|fallen1|[silent]\n|\n|upkeep\n|\n|t:|1789762040\n|switch|p2a: Corviknight|Corviknight|100/100\n|-ability|p2a: Corviknight|Pressure\n|turn|11\n|\n|t:|1789762040\n|move|p1a: Roserade|Thorned Bouquet|p2a: Corviknight\n|-resisted|p2a: Corviknight\n|-damage|p2a: Corviknight|89/100\n|-heal|p1a: Roserade|13/100|[from] drain|[of] p2a: Corviknight\n|move|p2a: Corviknight|U-turn|p1a: Roserade\n|-damage|p1a: Roserade|0 fnt\n|faint|p1a: Roserade\n|\n|t:|1789762043\n|switch|p2a: Tinkaton|Tinkaton, F|100/100|[from] U-turn\n|-ability|p2a: Tinkaton|Mold Breaker\n|-item|p2a: Tinkaton|Air Balloon\n|\n|-fieldend|move: Electric Terrain\n|upkeep\n|\n|t:|1789762043\n|switch|p1a: Dragapult|Dragapult|100/100\n|turn|12\n|\n|t:|1789762046\n|move|p1a: Dragapult|Thunder Wave|p2a: Tinkaton\n|-status|p2a: Tinkaton|par\n|move|p2a: Tinkaton|Gigaton Hammer|p1a: Dragapult\n|-damage|p1a: Dragapult|18/100\n|\n|upkeep\n|turn|13\n|\n|t:|1789762048\n|move|p1a: Dragapult|Hex|p2a: Tinkaton\n|-damage|p2a: Tinkaton|41/100 par\n|-enditem|p2a: Tinkaton|Air Balloon\n|move|p2a: Tinkaton|Crag Hammer|p1a: Dragapult\n|-damage|p1a: Dragapult|0 fnt\n|faint|p1a: Dragapult\n|\n|upkeep\n|\n|t:|1789762048\n|switch|p1a: Ninetales|Ninetales-Alola|100/100\n|-weather|Snowscape|[from] ability: Snow Warning|[of] p1a: Ninetales\n|turn|14\n|\n|t:|1789762051\n|move|p1a: Ninetales|Freeze-Dry|p2a: Tinkaton\n|-resisted|p2a: Tinkaton\n|-damage|p2a: Tinkaton|30/100 par\n|cant|p2a: Tinkaton|par\n|\n|-weather|Snowscape|[upkeep]\n|upkeep\n|turn|15\n|\n|t:|1789762053\n|move|p1a: Ninetales|Freeze-Dry|p2a: Tinkaton\n|-resisted|p2a: Tinkaton\n|-damage|p2a: Tinkaton|19/100 par\n|cant|p2a: Tinkaton|par\n|\n|-weather|Snowscape|[upkeep]\n|upkeep\n|turn|16\n|\n|t:|1789762054\n|move|p1a: Ninetales|Freeze-Dry|p2a: Tinkaton\n|-resisted|p2a: Tinkaton\n|-damage|p2a: Tinkaton|7/100 par\n|cant|p2a: Tinkaton|par\n|\n|-weather|Snowscape|[upkeep]\n|upkeep\n|turn|17\n|\n|t:|1789762058\n|-start|p2a: Tinkaton|Dynamax|\n|-heal|p2a: Tinkaton|7/100 par|[silent]\n|move|p1a: Ninetales|Freeze-Dry|p2a: Tinkaton\n|-resisted|p2a: Tinkaton\n|-damage|p2a: Tinkaton|1/100 par\n|cant|p2a: Tinkaton|par\n|\n|-weather|Snowscape|[upkeep]\n|upkeep\n|turn|18\n|\n|t:|1789762063\n|move|p1a: Ninetales|Freeze-Dry|p2a: Tinkaton\n|-resisted|p2a: Tinkaton\n|-damage|p2a: Tinkaton|0 fnt\n|faint|p2a: Tinkaton\n|\n|-weather|none\n|upkeep\n|\n|t:|1789762067\n|switch|p2a: Corviknight|Corviknight|89/100\n|-ability|p2a: Corviknight|Pressure\n|turn|19\n|\n|t:|1789762070\n|move|p1a: Ninetales|Freeze-Dry|p2a: Corviknight\n|-damage|p2a: Corviknight|67/100\n|move|p2a: Corviknight|Iron Head|p1a: Ninetales\n|-supereffective|p1a: Ninetales\n|-damage|p1a: Ninetales|0 fnt\n|faint|p1a: Ninetales\n|\n|win|TheRealWhimsicott\n",
	"inputlog": ">start {\"formatid\":\"gen9rpou\",\"seed\":\"sodium,a087738bff47d2c4c9b04b3d04b391f3\",\"rated\":\"Rated battle\"}\n>player p1 {\"name\":\"Bunny Stockfish\",\"avatar\":\"bunny.png\",\"team\":\"Ninetales|NinetalesAlola|LightClay|SnowWarning|AuroraVeil,Encore,FreezeDry,Snowscape|Timid|252,,4,,,252|N||||,,,,,Ghost]Dragapult||HeavyDutyBoots|Infiltrator|DragonDarts,Hex,ThunderWave,Uturn|Timid|,,,252,4,252|N||||,,,,,Fairy]Swampert||Leftovers|Torrent|WaveCharge,SludgeWave,FlipTurn,StealthRock|Sassy|248,,8,,252,|N||||,,,,,Poison]Roserade||FocusSash|Masquerade|ThornedBouquet,SludgeBomb,SolarNectar,Spikes|Timid|,,,252,4,252|N||||,,,,,Grass]Cresselia||Leftovers|Levitate|Psyshock,CalmMind,Moonlight,Thunderbolt|Modest|252,,,252,4,|N||||,,,,,Electric]Simipour||ElementalBanana|TidalSurge|TorrentRush,Uturn,FlipTurn,Liquidation|Jolly|,252,,,4,252|N||||,,,,,Water\",\"rating\":1352}\n>player p2 {\"name\":\"TheRealWhimsicott\",\"avatar\":\"266\",\"team\":\"Kingambit||BlackGlasses|SupremeOverlord|KnockOff,IronHead,SuckerPunch,SwordsDance|Adamant|252,252,,,4,|N||||,,,,,Dark]Haxorus||LoadedDice|MoldBreaker|HoneClaws,ScaleShot,Earthquake,IronHead|Jolly|4,252,,,,252|N||||,,,,,Steel]Pawmot||ChoiceBand|IronFist|RevivalBlessing,SparkScamper,CloseCombat,DoubleShock|Jolly|4,252,,,,252|N||||,,,,,Electric]Glaceon||ChoiceSpecs|DiamondDust|EarthPower,FreezeDry,FocusBlast,Blizzard|Modest|,,,252,4,252|N|,0,,,,|||,,,,,Ice]Tinkaton||AirBalloon|MoldBreaker|GigatonHammer,CragHammer,StealthRock,Encore|Jolly|,252,,,4,252|F||||,,,,,Fairy]Corviknight||Leftovers|Pressure|Roost,Uturn,Protect,IronHead|Impish|252,,252,,4,|N||||,,,,,Water\",\"rating\":1402}\n>chat ☆Bunny Stockfish|Good luck! Playing on **stockfish**.\n>p1 team 6, 2, 1, 4, 5, 3\n>p2 team 3, 2, 1, 4, 5, 6\n>p1 move liquidation terastallize\n>p2 move sparkscamper\n>p2 switch 3\n>p1 move liquidation\n>p2 move suckerpunch\n>p1 switch 3\n>p1 move encore\n>p2 move ironhead\n>p1 move encore\n>p2 switch 6\n>p1 switch 5\n>p2 move uturn\n>p2 switch 6\n>p1 move thunderbolt\n>p2 move swordsdance\n>p1 move thunderbolt dynamax\n>p2 move swordsdance\n>p1 move thunderbolt dynamax\n>p2 move knockoff\n>p1 switch 6\n>p1 move flipturn\n>p2 move suckerpunch terastallize\n>p1 switch 4\n>p1 move thornedbouquet\n>p2 move suckerpunch\n>p2 switch 6\n>p1 move thornedbouquet\n>p2 move uturn\n>p2 switch 5\n>p1 switch 2\n>p1 move thunderwave\n>p2 move gigatonhammer\n>p1 move hex\n>p2 move craghammer\n>p1 switch 5\n>p1 move freezedry\n>p2 move craghammer\n>p1 move freezedry\n>p2 move gigatonhammer\n>p1 move freezedry\n>p2 move gigatonhammer\n>p1 move freezedry\n>p2 move gigatonhammer dynamax\n>p1 move freezedry\n>p2 move gigatonhammer dynamax\n>p2 switch 5\n>p1 move freezedry\n>p2 move ironhead",
	"uploadtime": 1789762070
}