{
	"id": "gen9rpou-1-tm7rxf",
	"format": "[Gen 9] RP OU",
	"players": [
		"Bunny Stockfish",
		"SlimeQueenSamantha"
	],
	"rating": null,
	"log": "|j|☆Bunny Stockfish\n|j|☆SlimeQueenSamantha\n|t:|1790842778\n|gametype|singles\n|badge|p1|bronze|gen9rpou|3-3\n|badge|p2|gold|gen9rpou|1-1\n|player|p1|Bunny Stockfish|bunny.png|1332\n|player|p2|SlimeQueenSamantha|queen.png|1515\n|gen|9\n|tier|[Gen 9] RP OU\n|rated|\n|rule|HP Percentage Mod: HP is shown in percentages\n|rule|Endless Battle Clause: Forcing endless battles is banned\n|rule|Species Clause: Limit one of each Pokémon\n|rule|OHKO Clause: OHKO moves are banned\n|rule|Evasion Clause: Evasion abilities, items, and moves are banned\n|rule|Evasion Abilities Clause: Evasion abilities are banned\n|rule|Evasion Items Clause: Evasion items are banned\n|rule|Evasion Moves Clause: Evasion moves are banned\n|rule|Sleep Clause Mod: Limit one foe put to sleep\n|clearpoke\n|poke|p1|Empoleon|\n|poke|p1|Lucario|\n|poke|p1|Enamorus-Therian|\n|poke|p1|Swampert|\n|poke|p1|Latias|\n|poke|p1|Zamazenta-*|\n|poke|p2|Gouging Fire|\n|poke|p2|Torkoal|\n|poke|p2|Infernape|\n|poke|p2|Leafeon|\n|poke|p2|Landorus-Therian|\n|poke|p2|Walking Wake|\n|teampreview\n|c|☆Bunny Stockfish|Good luck! Playing on **stockfish**.\n|\n|t:|1790842802\n|teamsize|p1|6\n|teamsize|p2|6\n|start\n|switch|p1a: Enamorus|Enamorus-Therian|100/100\n|switch|p2a: Leafeon|Leafeon|100/100\n|-weather|SunnyDay|[from] ability: Solstice|[of] p2a: Leafeon\n|turn|1\n|\n|t:|1790842813\n|switch|p2a: Infernape|Infernape|100/100\n|-start|p1a: Enamorus|Dynamax|\n|-heal|p1a: Enamorus|100/100|[silent]\n|move|p1a: Enamorus|Max Starfall|p2a: Infernape\n|-damage|p2a: Infernape|0 fnt\n|-fieldstart|move: Misty Terrain\n|faint|p2a: Infernape\n|\n|-weather|SunnyDay|[upkeep]\n|upkeep\n|\n|t:|1790842823\n|switch|p2a: Torkoal|Torkoal|100/100\n|turn|2\n|\n|t:|1790842825\n|move|p1a: Enamorus|Max Quake|p2a: Torkoal\n|-supereffective|p2a: Torkoal\n|-damage|p2a: Torkoal|0 fnt\n|-boost|p1a: Enamorus|spd|1\n|faint|p2a: Torkoal\n|\n|-weather|SunnyDay|[upkeep]\n|upkeep\n|\n|t:|1790842843\n|switch|p2a: Gouging Fire|Gouging Fire|100/100\n|-activate|p2a: Gouging Fire|ability: Protosynthesis\n|-start|p2a: Gouging Fire|protosynthesisatk\n|turn|3\n|\n|t:|1790842846\n|-terastallize|p2a: Gouging Fire|Fairy\n|move|p2a: Gouging Fire|Dragon Dance|p2a: Gouging Fire\n|-boost|p2a: Gouging Fire|atk|1\n|-boost|p2a: Gouging Fire|spe|1\n|move|p1a: Enamorus|Max Quake|p2a: Gouging Fire\n|-damage|p2a: Gouging Fire|44/100\n|-boost|p1a: Enamorus|spd|1\n|\n|-weather|SunnyDay|[upkeep]\n|upkeep\n|-end|p1a: Enamorus|Dynamax\n|-heal|p1a: Enamorus|100/100|[silent]\n|turn|4\n|\n|t:|1790842855\n|move|p2a: Gouging Fire|Heat Crash|p1a: Enamorus\n|-damage|p1a: Enamorus|0 fnt\n|faint|p1a: Enamorus\n|\n|-weather|SunnyDay|[upkeep]\n|upkeep\n|\n|t:|1790842855\n|switch|p1a: Lucario|Lucario|100/100\n|turn|5\n|\n|t:|1790842858\n|detailschange|p1a: Lucario|Lucario-Mega\n|-mega|p1a: Lucario|Lucario|Lucarionite\n|move|p2a: Gouging Fire|Heat Crash|p1a: Lucario\n|-supereffective|p1a: Lucario\n|-damage|p1a: Lucario|0 fnt\n|faint|p1a: Lucario\n|detailschange|p1: Lucario|Lucario|[silent]\n|\n|-weather|none\n|-end|p2a: Gouging Fire|Protosynthesis\n|-fieldend|Misty Terrain\n|upkeep\n|\n|t:|1790842858\n|switch|p1a: Zamazenta|Zamazenta|100/100\n|-ability|p1a: Zamazenta|Dauntless Shield|boost\n|-boost|p1a: Zamazenta|def|1\n|turn|6\n|\n|t:|1790842864\n|move|p2a: Gouging Fire|Morning Sun|p2a: Gouging Fire\n|-heal|p2a: Gouging Fire|94/100\n|move|p1a: Zamazenta|Body Press|p2a: Gouging Fire\n|-resisted|p2a: Gouging Fire\n|-damage|p2a: Gouging Fire|75/100\n|\n|upkeep\n|turn|7\n|\n|t:|1790842867\n|move|p2a: Gouging Fire|Dragon Dance|p2a: Gouging Fire\n|-boost|p2a: Gouging Fire|atk|1\n|-boost|p2a: Gouging Fire|spe|1\n|move|p1a: Zamazenta|Body Press|p2a: Gouging Fire\n|-resisted|p2a: Gouging Fire\n|-damage|p2a: Gouging Fire|55/100\n|\n|upkeep\n|turn|8\n|\n|t:|1790842869\n|move|p2a: Gouging Fire|Morning Sun|p2a: Gouging Fire\n|-heal|p2a: Gouging Fire|100/100\n|move|p1a: Zamazenta|Body Press|p2a: Gouging Fire\n|-resisted|p2a: Gouging Fire\n|-damage|p2a: Gouging Fire|81/100\n|\n|upkeep\n|turn|9\n|\n|t:|1790842870\n|move|p2a: Gouging Fire|Dragon Dance|p2a: Gouging Fire\n|-boost|p2a: Gouging Fire|atk|1\n|-boost|p2a: Gouging Fire|spe|1\n|move|p1a: Zamazenta|Body Press|p2a: Gouging Fire\n|-resisted|p2a: Gouging Fire\n|-damage|p2a: Gouging Fire|61/100\n|\n|upkeep\n|turn|10\n|\n|t:|1790842875\n|move|p2a: Gouging Fire|Morning Sun|p2a: Gouging Fire\n|-heal|p2a: Gouging Fire|100/100\n|move|p1a: Zamazenta|Body Press|p2a: Gouging Fire\n|-resisted|p2a: Gouging Fire\n|-damage|p2a: Gouging Fire|83/100\n|\n|upkeep\n|turn|11\n|\n|t:|1790842877\n|move|p2a: Gouging Fire|Earthquake|p1a: Zamazenta\n|-damage|p1a: Zamazenta|62/100\n|move|p1a: Zamazenta|Body Press|p2a: Gouging Fire\n|-resisted|p2a: Gouging Fire\n|-damage|p2a: Gouging Fire|62/100\n|\n|upkeep\n|turn|12\n|\n|t:|1790842881\n|move|p2a: Gouging Fire|Earthquake|p1a: Zamazenta\n|-damage|p1a: Zamazenta|18/100\n|move|p1a: Zamazenta|Body Press|p2a: Gouging Fire\n|-resisted|p2a: Gouging Fire\n|-crit|p2a: Gouging Fire\n|-damage|p2a: Gouging Fire|35/100\n|\n|upkeep\n|turn|13\n|\n|t:|1790842883\n|switch|p1a: Latias|Latias|100/100\n|move|p2a: Gouging Fire|Earthquake|p1a: Latias\n|-immune|p1a: Latias|[from] ability: Levitate\n|\n|upkeep\n|turn|14\n|\n|t:|1790842885\n|-terastallize|p1a: Latias|Fairy\n|move|p2a: Gouging Fire|Morning Sun|p2a: Gouging Fire\n|-heal|p2a: Gouging Fire|85/100\n|move|p1a: Latias|Velvet Press|p2a: Gouging Fire\n|-damage|p2a: Gouging Fire|48/100\n|\n|upkeep\n|turn|15\n|\n|t:|1790842892\n|move|p2a: Gouging Fire|Heat Crash|p1a: Latias\n|-damage|p1a: Latias|0 fnt\n|faint|p1a: Latias\n|\n|upkeep\n|\n|t:|1790842892\n|switch|p1a: Swampert|Swampert|100/100\n|turn|16\n|\n|t:|1790842894\n|move|p2a: Gouging Fire|Earthquake|p1a: Swampert\n|-damage|p1a: Swampert|22/100\n|move|p1a: Swampert|Sludge Wave|p2a: Gouging Fire\n|-supereffective|p2a: Gouging Fire\n|-damage|p2a: Gouging Fire|11/100\n|\n|upkeep\n|turn|17\n|\n|t:|1790842897\n|move|p2a: Gouging Fire|Earthquake|p1a: Swampert\n|-crit|p1a: Swampert\n|-damage|p1a: Swampert|0 fnt\n|faint|p1a: Swampert\n|\n|upkeep\n|\n|t:|1790842897\n|switch|p1a: Empoleon|Empoleon|100/100\n|turn|18\n|\n|t:|1790842899\n|move|p2a: Gouging Fire|Earthquake|p1a: Empoleon\n|-supereffective|p1a: Empoleon\n|-damage|p1a: Empoleon|0 fnt\n|faint|p1a: Empoleon\n|\n|upkeep\n|\n|t:|1790842899\n|switch|p1a: Zamazenta|Zamazenta|18/100\n|turn|19\n|\n|t:|1790842901\n|move|p2a: Gouging Fire|Earthquake|p1a: Zamazenta\n|-damage|p1a: Zamazenta|0 fnt\n|faint|p1a: Zamazenta\n|\n|win|SlimeQueenSamantha\n",
	"inputlog": ">start {\"formatid\":\"gen9rpou\",\"seed\":\"sodium,fce95de7285d2b9baa211295362565d6\",\"rated\":\"Rated battle\"}\n>player p1 {\"name\":\"Bunny Stockfish\",\"avatar\":\"bunny.png\",\"team\":\"Empoleon||Leftovers|EmperorsPride|ImperialTorrent,Roost,StealthRock,RoyalDecree|Calm|252,,4,,252,|N|,0,,,,|||,,,,,Flying]Lucario||Lucarionite|Justified|CloseCombat,MeteorMash,StoneEdge,ExtremeSpeed|Jolly|,252,,,4,252|N||||,,,,,Normal]Enamorus|EnamorusTherian|ChoiceSpecs|Overcoat|Moonblast,EarthPower,VelvetPress,DrainingKiss|Quiet|248,,8,252,,|N|,0,,,,0|||,,,,,Steel]Swampert||AssaultVest|Torrent|SludgeWave,FlipTurn,WaveCharge,IceBeam|Careful|252,4,,,252,|N||||,,,,,Ghost]Latias||WeaknessPolicy|Levitate|VelvetPress,StoredPower,DrainingKiss,Agility|Timid|252,,232,,,24|N|,0,,,,|||,,,,,Fairy]Zamazenta||LightClay|DauntlessShield|Reflect,LightScreen,BodyPress,HiddenPower|Jolly|252,,4,,,252|N||||,Dark,,,,Steel\",\"rating\":1332}\n>player p2 {\"name\":\"SlimeQueenSamantha\",\"avatar\":\"queen.png\",\"team\":\"Gouging Fire||HeavyDutyBoots|Protosynthesis|HeatCrash,Earthquake,DragonDance,MorningSun|Jolly|,252,,,4,252|N||||,,,,,Fairy]Torkoal||HeatRock|Drought|LavaPlume,RapidSpin,SlackOff,WillOWisp|Bold|248,,252,,8,|N||||,,,,,Dragon]Infernape||LifeOrb|CrownofFlame|CloseCombat,FireBlast,IcePunch,Uturn|Hasty|,252,,4,,252|N||||,,,,,Fighting]Leafeon||FireGem|Solstice|LeafBlade,Earthquake,SwordsDance,TeraBlast|Naive|,252,,4,,252|N||||,,,,,Fire]Landorus|LandorusTherian|Leftovers|Intimidate|Earthquake,Uturn,Defog,StealthRock|Careful|252,4,,,252,|N||||,,,,,Water]Walking Wake||ChoiceSpecs|Protosynthesis|HydroSteam,DracoMeteor,Flamethrower,DragonPulse|Timid|12,,,244,,252|N|,0,,,,|||,,,,,Water\",\"rating\":1515}\n>chat ☆Bunny Stockfish|Good luck! Playing on **stockfish**.\n>p1 team 3, 6, 2, 5, 1, 4\n>p2 team 4, 2, 3, 1, 5, 6\n>p1 move moonblast dynamax\n>p2 switch 3\n>p2 switch 2\n>p1 move earthpower dynamax\n>p2 move lavaplume\n>p2 switch 4\n>p1 move earthpower dynamax\n>p2 move dragondance terastallize\n>p1 move moonblast\n>p2 move heatcrash\n>p1 switch 3\n>p1 move meteormash mega\n>p2 move heatcrash\n>p1 switch 2\n>p1 move bodypress\n>p2 move morningsun\n>p1 move bodypress\n>p2 move dragondance\n>p1 move bodypress\n>p2 move morningsun\n>p1 move bodypress\n>p2 move dragondance\n>p1 move bodypress\n>p2 move morningsun\n>p1 move bodypress\n>p2 move earthquake\n>p1 move bodypress\n>p2 move earthquake\n>p1 switch 4\n>p2 move earthquake\n>p1 move velvetpress terastallize\n>p2 move morningsun\n>p1 move velvetpress\n>p2 move heatcrash\n>p1 switch 6\n>p1 move sludgewave\n>p2 move earthquake\n>p1 move flipturn\n>p2 move earthquake\n>p1 switch 5\n>p1 move imperialtorrent\n>p2 move earthquake\n>p1 switch 4\n>p1 move bodypress\n>p2 move earthquake",
	"uploadtime": 1790842901
}