{
	"id": "gen9rpou-2-tm7ozp",
	"format": "[Gen 9] RP OU",
	"players": [
		"Bunny Stockfish",
		"SlimeQueenSamantha"
	],
	"rating": null,
	"log": "|j|☆Bunny Stockfish\n|j|☆SlimeQueenSamantha\n|t:|1790830005\n|gametype|singles\n|badge|p1|bronze|gen9rpou|3-3\n|badge|p2|gold|gen9rpou|1-1\n|player|p1|Bunny Stockfish|bunny.png|1332\n|player|p2|SlimeQueenSamantha|queen.png|1504\n|gen|9\n|tier|[Gen 9] RP OU\n|rated|\n|rule|HP Percentage Mod: HP is shown in percentages\n|rule|Endless Battle Clause: Forcing endless battles is banned\n|rule|Species Clause: Limit one of each Pokémon\n|rule|OHKO Clause: OHKO moves are banned\n|rule|Evasion Clause: Evasion abilities, items, and moves are banned\n|rule|Evasion Abilities Clause: Evasion abilities are banned\n|rule|Evasion Items Clause: Evasion items are banned\n|rule|Evasion Moves Clause: Evasion moves are banned\n|rule|Sleep Clause Mod: Limit one foe put to sleep\n|clearpoke\n|poke|p1|Landorus-Therian|\n|poke|p1|Ceruledge|\n|poke|p1|Pawmot|\n|poke|p1|Magearna-Original|\n|poke|p1|Togekiss|\n|poke|p1|Clefable|\n|poke|p2|Lugia|\n|poke|p2|Blissey|\n|poke|p2|Registeel|\n|poke|p2|Umbreon|\n|poke|p2|Spiritomb|\n|poke|p2|Clodsire|\n|teampreview\n|c|☆Bunny Stockfish|Good luck! Playing on **stockfish**.\n|\n|t:|1790830011\n|teamsize|p1|6\n|teamsize|p2|6\n|start\n|switch|p1a: Landorus|Landorus-Therian|100/100\n|switch|p2a: Blissey|Blissey, shiny|100/100\n|-ability|p1a: Landorus|Intimidate|boost\n|-unboost|p2a: Blissey|atk|1\n|turn|1\n|\n|t:|1790830020\n|switch|p2a: Lugia|Lugia|100/100\n|-start|p1a: Landorus|Dynamax|\n|-heal|p1a: Landorus|100/100|[silent]\n|move|p1a: Landorus|Max Quake|p2a: Lugia\n|-immune|p2a: Lugia\n|\n|upkeep\n|turn|2\n|\n|t:|1790830025\n|-start|p2a: Lugia|Dynamax|\n|-heal|p2a: Lugia|100/100|[silent]\n|move|p2a: Lugia|Max Airstream|p1a: Landorus\n|-damage|p1a: Landorus|72/100\n|-boost|p2a: Lugia|spe|1\n|move|p1a: Landorus|Max Rockfall|p2a: Lugia\n|-supereffective|p2a: Lugia\n|-damage|p2a: Lugia|86/100\n|-weather|Sandstorm\n|\n|-weather|Sandstorm|[upkeep]\n|-damage|p2a: Lugia|83/100|[from] Sandstorm\n|upkeep\n|turn|3\n|\n|t:|1790830035\n|move|p2a: Lugia|Max Airstream|p1a: Landorus\n|-damage|p1a: Landorus|45/100\n|-boost|p2a: Lugia|spe|1\n|move|p1a: Landorus|Max Rockfall|p2a: Lugia\n|-supereffective|p2a: Lugia\n|-damage|p2a: Lugia|48/100\n|\n|-weather|Sandstorm|[upkeep]\n|-damage|p2a: Lugia|45/100|[from] Sandstorm\n|upkeep\n|-end|p1a: Landorus|Dynamax\n|-heal|p1a: Landorus|45/100|[silent]\n|turn|4\n|\n|t:|1790830037\n|move|p2a: Lugia|Max Airstream|p1a: Landorus\n|-damage|p1a: Landorus|0 fnt\n|-boost|p2a: Lugia|spe|1\n|faint|p1a: Landorus\n|\n|-weather|Sandstorm|[upkeep]\n|-damage|p2a: Lugia|42/100|[from] Sandstorm\n|upkeep\n|\n|t:|1790830038\n|switch|p1a: Magearna|Magearna-Original|100/100\n|-end|p2a: Lugia|Dynamax\n|-heal|p2a: Lugia|42/100|[silent]\n|turn|5\n|\n|t:|1790830041\n|move|p2a: Lugia|Recover|p2a: Lugia\n|-heal|p2a: Lugia|93/100\n|move|p1a: Magearna|Fleur Cannon|p2a: Lugia\n|-damage|p2a: Lugia|52/100\n|-unboost|p1a: Magearna|spa|2\n|\n|-weather|Sandstorm|[upkeep]\n|-damage|p2a: Lugia|46/100|[from] Sandstorm\n|upkeep\n|turn|6\n|\n|t:|1790830043\n|switch|p1a: Ceruledge|Ceruledge|100/100\n|move|p2a: Lugia|Calm Mind|p2a: Lugia\n|-boost|p2a: Lugia|spa|1\n|-boost|p2a: Lugia|spd|1\n|\n|-weather|none\n|upkeep\n|turn|7\n|\n|t:|1790830046\n|move|p2a: Lugia|Earth Power|p1a: Ceruledge\n|-supereffective|p1a: Ceruledge\n|-damage|p1a: Ceruledge|33/100\n|move|p1a: Ceruledge|Bitter Blade|p2a: Lugia\n|-damage|p2a: Lugia|0 fnt\n|-heal|p1a: Ceruledge|65/100|[from] drain|[of] p2a: Lugia\n|faint|p2a: Lugia\n|-damage|p1a: Ceruledge|55/100|[from] item: Life Orb\n|\n|upkeep\n|\n|t:|1790830049\n|switch|p2a: Umbreon|Umbreon|100/100\n|turn|8\n|\n|t:|1790830051\n|switch|p1a: Togekiss|Togekiss|100/100\n|move|p2a: Umbreon|Knock Off|p1a: Togekiss\n|-resisted|p1a: Togekiss\n|-damage|p1a: Togekiss|90/100\n|-enditem|p1a: Togekiss|Heavy-Duty Boots|[from] move: Knock Off|[of] p2a: Umbreon\n|\n|upkeep\n|turn|9\n|\n|t:|1790830055\n|move|p1a: Togekiss|Nasty Plot|p1a: Togekiss\n|-boost|p1a: Togekiss|spa|2\n|move|p2a: Umbreon|Toxic|p1a: Togekiss\n|-status|p1a: Togekiss|tox\n|\n|-damage|p1a: Togekiss|83/100 tox|[from] psn\n|upkeep\n|turn|10\n|\n|t:|1790830058\n|switch|p2a: Clodsire|Clodsire|100/100\n|move|p1a: Togekiss|Alluring Voice|p2a: Clodsire\n|-resisted|p2a: Clodsire\n|-damage|p2a: Clodsire|70/100\n|\n|-damage|p1a: Togekiss|71/100 tox|[from] psn\n|upkeep\n|turn|11\n|\n|t:|1790830064\n|move|p1a: Togekiss|Air Slash|p2a: Clodsire\n|-damage|p2a: Clodsire|18/100\n|cant|p2a: Clodsire|flinch\n|\n|-damage|p1a: Togekiss|53/100 tox|[from] psn\n|upkeep\n|turn|12\n|\n|t:|1790830068\n|switch|p2a: Blissey|Blissey, shiny|100/100\n|move|p1a: Togekiss|Air Slash|p2a: Blissey\n|-damage|p2a: Blissey|70/100\n|\n|-damage|p1a: Togekiss|28/100 tox|[from] psn\n|upkeep\n|turn|13\n|\n|t:|1790830071\n|switch|p1a: Ceruledge|Ceruledge|55/100\n|move|p2a: Blissey|Soft-Boiled|p2a: Blissey\n|-heal|p2a: Blissey|100/100\n|\n|upkeep\n|turn|14\n|\n|t:|1790830073\n|move|p1a: Ceruledge|Bitter Blade|p2a: Blissey\n|-damage|p2a: Blissey|39/100\n|-heal|p1a: Ceruledge|100/100|[from] drain|[of] p2a: Blissey\n|-damage|p1a: Ceruledge|91/100|[from] item: Life Orb\n|move|p2a: Blissey|Toxic|p1a: Ceruledge\n|-status|p1a: Ceruledge|tox\n|\n|-damage|p1a: Ceruledge|84/100 tox|[from] psn\n|upkeep\n|turn|15\n|\n|t:|1790830077\n|switch|p2a: Spiritomb|Spiritomb, shiny|100/100\n|move|p1a: Ceruledge|Bitter Blade|p2a: Spiritomb\n|-damage|p2a: Spiritomb|53/100\n|-heal|p1a: Ceruledge|100/100 tox|[from] drain|[of] p2a: Spiritomb\n|-damage|p1a: Ceruledge|91/100 tox|[from] item: Life Orb\n|\n|-heal|p2a: Spiritomb|59/100|[from] item: Leftovers\n|-damage|p1a: Ceruledge|78/100 tox|[from] psn\n|upkeep\n|turn|16\n|\n|t:|1790830084\n|-terastallize|p1a: Ceruledge|Fairy\n|move|p1a: Ceruledge|Poltergeist|p2a: Spiritomb\n|-activate|p2a: Spiritomb|move: Poltergeist|Leftovers\n|-ability|p2a: Spiritomb|Keystone Legion\n|-message|The spirits of the keystone shield Spiritomb!\n|-start|p1a: Ceruledge|Curse|[of] p2a: Spiritomb\n|-damage|p2a: Spiritomb|1/100\n|-damage|p1a: Ceruledge|68/100 tox|[from] item: Life Orb\n|move|p2a: Spiritomb|Strength Sap|p1a: Ceruledge\n|-unboost|p1a: Ceruledge|atk|1\n|-heal|p2a: Spiritomb|100/100\n|\n|-damage|p1a: Ceruledge|50/100 tox|[from] psn\n|-damage|p1a: Ceruledge|25/100 tox|[from] Curse\n|upkeep\n|turn|17\n|\n|t:|1790830093\n|switch|p1a: Clefable|Clefable|100/100\n|move|p2a: Spiritomb|Soul Toll|p1a: Clefable\n|-damage|p1a: Clefable|79/100\n|\n|upkeep\n|turn|18\n|\n|t:|1790830097\n|move|p1a: Clefable|Moonblast|p2a: Spiritomb\n|-supereffective|p2a: Spiritomb\n|-damage|p2a: Spiritomb|50/100\n|-unboost|p2a: Spiritomb|spa|1\n|move|p2a: Spiritomb|Will-O-Wisp|p1a: Clefable|[miss]\n|-miss|p2a: Spiritomb|p1a: Clefable\n|\n|-heal|p2a: Spiritomb|56/100|[from] item: Leftovers\n|upkeep\n|turn|19\n|\n|t:|1790830100\n|move|p1a: Clefable|Moonblast|p2a: Spiritomb\n|-supereffective|p2a: Spiritomb\n|-damage|p2a: Spiritomb|8/100\n|move|p2a: Spiritomb|Strength Sap|p1a: Clefable\n|-unboost|p1a: Clefable|atk|1\n|-heal|p2a: Spiritomb|43/100\n|\n|-heal|p2a: Spiritomb|49/100|[from] item: Leftovers\n|upkeep\n|turn|20\n|\n|t:|1790830105\n|switch|p2a: Blissey|Blissey, shiny|39/100\n|move|p1a: Clefable|Moonblast|p2a: Blissey\n|-damage|p2a: Blissey|23/100\n|-unboost|p2a: Blissey|spa|1\n|\n|upkeep\n|turn|21\n|\n|t:|1790830107\n|move|p1a: Clefable|Calm Mind|p1a: Clefable\n|-boost|p1a: Clefable|spa|1\n|-boost|p1a: Clefable|spd|1\n|move|p2a: Blissey|Soft-Boiled|p2a: Blissey\n|-heal|p2a: Blissey|73/100\n|\n|upkeep\n|turn|22\n|\n|t:|1790830109\n|move|p1a: Clefable|Calm Mind|p1a: Clefable\n|-boost|p1a: Clefable|spa|1\n|-boost|p1a: Clefable|spd|1\n|move|p2a: Blissey|Toxic|p1a: Clefable\n|-status|p1a: Clefable|tox\n|\n|upkeep\n|turn|23\n|\n|t:|1790830113\n|move|p1a: Clefable|Calm Mind|p1a: Clefable\n|-boost|p1a: Clefable|spa|1\n|-boost|p1a: Clefable|spd|1\n|move|p2a: Blissey|Seismic Toss|p1a: Clefable\n|-damage|p1a: Clefable|54/100 tox\n|\n|upkeep\n|turn|24\n|\n|t:|1790830116\n|switch|p2a: Registeel|Registeel|100/100\n|move|p1a: Clefable|Moonblast|p2a: Registeel\n|-resisted|p2a: Registeel\n|-damage|p2a: Registeel|91/100\n|-unboost|p2a: Registeel|spa|1\n|\n|-heal|p2a: Registeel|97/100|[from] item: Leftovers\n|upkeep\n|turn|25\n|\n|t:|1790830118\n|move|p1a: Clefable|Flamethrower|p2a: Registeel\n|-supereffective|p2a: Registeel\n|-damage|p2a: Registeel|73/100\n|move|p2a: Registeel|Amnesia|p2a: Registeel\n|-boost|p2a: Registeel|spd|2\n|\n|-heal|p2a: Registeel|79/100|[from] item: Leftovers\n|upkeep\n|turn|26\n|\n|t:|1790830120\n|move|p1a: Clefable|Flamethrower|p2a: Registeel\n|-supereffective|p2a: Registeel\n|-damage|p2a: Registeel|66/100\n|move|p2a: Registeel|Slack Off|p2a: Registeel\n|-heal|p2a: Registeel|100/100\n|\n|upkeep\n|turn|27\n|\n|t:|1790830123\n|move|p1a: Clefable|Flamethrower|p2a: Registeel\n|-supereffective|p2a: Registeel\n|-damage|p2a: Registeel|87/100\n|move|p2a: Registeel|Amnesia|p2a: Registeel\n|-boost|p2a: Registeel|spd|2\n|\n|-heal|p2a: Registeel|93/100|[from] item: Leftovers\n|upkeep\n|turn|28\n|\n|t:|1790830125\n|move|p1a: Clefable|Flamethrower|p2a: Registeel\n|-supereffective|p2a: Registeel\n|-damage|p2a: Registeel|83/100\n|move|p2a: Registeel|Amnesia|p2a: Registeel\n|-boost|p2a: Registeel|spd|2\n|\n|-heal|p2a: Registeel|89/100|[from] item: Leftovers\n|upkeep\n|turn|29\n|\n|t:|1790830126\n|move|p1a: Clefable|Flamethrower|p2a: Registeel\n|-supereffective|p2a: Registeel\n|-damage|p2a: Registeel|82/100\n|move|p2a: Registeel|Iron Defense|p2a: Registeel\n|-boost|p2a: Registeel|def|2\n|\n|-heal|p2a: Registeel|88/100|[from] item: Leftovers\n|upkeep\n|turn|30\n|\n|t:|1790830128\n|move|p1a: Clefable|Flamethrower|p2a: Registeel\n|-supereffective|p2a: Registeel\n|-damage|p2a: Registeel|81/100\n|move|p2a: Registeel|Iron Defense|p2a: Registeel\n|-boost|p2a: Registeel|def|2\n|\n|-heal|p2a: Registeel|87/100|[from] item: Leftovers\n|upkeep\n|turn|31\n|\n|t:|1790830129\n|move|p1a: Clefable|Flamethrower|p2a: Registeel\n|-supereffective|p2a: Registeel\n|-damage|p2a: Registeel|81/100\n|move|p2a: Registeel|Iron Defense|p2a: Registeel\n|-boost|p2a: Registeel|def|2\n|\n|-heal|p2a: Registeel|87/100|[from] item: Leftovers\n|upkeep\n|turn|32\n|\n|t:|1790830130\n|move|p1a: Clefable|Flamethrower|p2a: Registeel\n|-supereffective|p2a: Registeel\n|-damage|p2a: Registeel|80/100\n|move|p2a: Registeel|Velvet Press|p1a: Clefable\n|-damage|p1a: Clefable|0 fnt\n|faint|p1a: Clefable\n|\n|-heal|p2a: Registeel|86/100|[from] item: Leftovers\n|upkeep\n|\n|t:|1790830131\n|switch|p1a: Magearna|Magearna-Original|100/100\n|turn|33\n|\n|t:|1790830132\n|move|p1a: Magearna|Calm Mind|p1a: Magearna\n|-boost|p1a: Magearna|spa|1\n|-boost|p1a: Magearna|spd|1\n|move|p2a: Registeel|Velvet Press|p1a: Magearna\n|-resisted|p1a: Magearna\n|-damage|p1a: Magearna|41/100\n|\n|-heal|p1a: Magearna|47/100|[from] item: Leftovers\n|-heal|p2a: Registeel|92/100|[from] item: Leftovers\n|upkeep\n|turn|34\n|\n|t:|1790830133\n|move|p1a: Magearna|Calm Mind|p1a: Magearna\n|-boost|p1a: Magearna|spa|1\n|-boost|p1a: Magearna|spd|1\n|move|p2a: Registeel|Velvet Press|p1a: Magearna\n|-resisted|p1a: Magearna\n|-damage|p1a: Magearna|0 fnt\n|faint|p1a: Magearna\n|\n|-heal|p2a: Registeel|98/100|[from] item: Leftovers\n|upkeep\n|\n|t:|1790830134\n|switch|p1a: Ceruledge|Ceruledge, tera:Fairy|25/100 tox\n|turn|35\n|\n|t:|1790830137\n|move|p1a: Ceruledge|Swords Dance|p1a: Ceruledge\n|-boost|p1a: Ceruledge|atk|2\n|move|p2a: Registeel|Velvet Press|p1a: Ceruledge\n|-damage|p1a: Ceruledge|0 fnt\n|faint|p1a: Ceruledge\n|\n|-heal|p2a: Registeel|100/100|[from] item: Leftovers\n|upkeep\n|\n|t:|1790830137\n|switch|p1a: Pawmot|Pawmot|100/100\n|turn|36\n|\n|t:|1790830139\n|move|p1a: Pawmot|Encore|p2a: Registeel\n|-start|p2a: Registeel|Encore\n|move|p2a: Registeel|Velvet Press|p1a: Pawmot\n|-supereffective|p1a: Pawmot\n|-damage|p1a: Pawmot|0 fnt\n|faint|p1a: Pawmot\n|\n|upkeep\n|\n|t:|1790830139\n|switch|p1a: Togekiss|Togekiss|28/100 tox\n|turn|37\n|\n|t:|1790830141\n|move|p1a: Togekiss|Alluring Voice|p2a: Registeel\n|-resisted|p2a: Registeel\n|-damage|p2a: Registeel|97/100\n|move|p2a: Registeel|Velvet Press|p1a: Togekiss\n|-damage|p1a: Togekiss|0 fnt\n|faint|p1a: Togekiss\n|\n|win|SlimeQueenSamantha\n",
	"inputlog": ">start {\"formatid\":\"gen9rpou\",\"seed\":\"sodium,03a58cfd5eec906a7f1fdd74cb1a3b80\",\"rated\":\"Rated battle\"}\n>player p1 {\"name\":\"Bunny Stockfish\",\"avatar\":\"bunny.png\",\"team\":\"Landorus|LandorusTherian|RockyHelmet|Intimidate|StealthRock,Earthquake,StoneEdge,Uturn|Jolly|,252,4,,,252|N||||,,,,,Water]Ceruledge||LifeOrb|WeakArmor|SwordsDance,BitterBlade,ShadowSneak,Poltergeist|Adamant|,252,,,4,252|N||||,,,,,Fairy]Pawmot||LeppaBerry|VoltAbsorb|VoltaicLance,Encore,Nuzzle,KnockOff|Jolly|120,,140,,16,232|N||||,,,,,Fairy]Magearna|MagearnaOriginal|Leftovers|SoulHeart|FlashCannon,CalmMind,FleurCannon,IceBeam|Modest|252,,,252,4,|N|,0,,,,|||,,,,,Water]Togekiss||HeavyDutyBoots|SereneGrace|AirSlash,NastyPlot,AlluringVoice,VelvetPress|Modest|252,,,252,4,|N|,0,,,,|||,,,,,Steel]Clefable||LifeOrb|MagicGuard|CalmMind,Moonblast,VelvetPress,Flamethrower|Bold|252,,252,,4,|N|,0,,,,|||,,,,,Steel\",\"rating\":1332}\n>player p2 {\"name\":\"SlimeQueenSamantha\",\"avatar\":\"queen.png\",\"team\":\"Lugia||HeavyDutyBoots|Multiscale|CalmMind,AirSlash,EarthPower,Recover|Timid|248,,8,,,252|N|,0,,,,|||,,,,,Ground]Blissey||HeavyDutyBoots|Caretaker|SoftBoiled,StealthRock,Toxic,SeismicToss|Bold|252,,252,,4,|N|,0,,,,|S||,,,,,Water]Registeel||Leftovers|Unaware|SlackOff,IronDefense,Amnesia,velvetpress|Calm|252,,,4,252,|N|,0,,,,|||,,,,,Fairy]Umbreon||Leftovers|MoonlitVenom|Recover,Toxic,KnockOff,Teleport|Careful|252,4,,,252,|N||||,,,,,Poison]Spiritomb||Leftovers|KeystoneLegion|soultoll,StrengthSap,PartingShot,WillOWisp|Careful|252,4,,,252,|N||S||,,,,,Dragon]Clodsire||HeavyDutyBoots|WaterAbsorb|ToxicSpikes,Punishment,Earthquake,Recover|Careful|248,8,244,,8,|N||||,,,,,Fire\",\"rating\":1504}\n>chat ☆Bunny Stockfish|Good luck! Playing on **stockfish**.\n>p1 team 1, 3, 2, 5, 4, 6\n>p2 team 2, 1, 3, 4, 5, 6\n>p1 move earthquake dynamax\n>p2 switch 2\n>p1 move stoneedge dynamax\n>p2 move airslash dynamax\n>p1 move stoneedge dynamax\n>p2 move airslash dynamax\n>p1 move stoneedge\n>p2 move airslash dynamax\n>p1 switch 5\n>p1 move fleurcannon\n>p2 move recover\n>p1 switch 3\n>p2 move calmmind\n>p1 move bitterblade\n>p2 move earthpower\n>p2 switch 4\n>p1 switch 4\n>p2 move knockoff\n>p1 move nastyplot\n>p2 move toxic\n>p1 move alluringvoice\n>p2 switch 6\n>p1 move airslash\n>p2 move punishment\n>p1 move airslash\n>p2 switch 2\n>p1 switch 4\n>p2 move softboiled\n>p1 move bitterblade\n>p2 move toxic\n>p1 move bitterblade\n>p2 switch 5\n>p1 move poltergeist terastallize\n>p2 move strengthsap\n>p1 switch 6\n>p2 move soultoll\n>p1 move moonblast\n>p2 move willowisp\n>p1 move moonblast\n>p2 move strengthsap\n>p1 move moonblast\n>p2 switch 5\n>p1 move calmmind\n>p2 move softboiled\n>p1 move calmmind\n>p2 move toxic\n>p1 move calmmind\n>p2 move seismictoss\n>p1 move moonblast\n>p2 switch 3\n>p1 move flamethrower\n>p2 move amnesia\n>p1 move flamethrower\n>p2 move slackoff\n>p1 move flamethrower\n>p2 move amnesia\n>p1 move flamethrower\n>p2 move amnesia\n>p1 move flamethrower\n>p2 move irondefense\n>p1 move flamethrower\n>p2 move irondefense\n>p1 move flamethrower\n>p2 move irondefense\n>p1 move flamethrower\n>p2 move velvetpress\n>p1 switch 3\n>p1 move calmmind\n>p2 move velvetpress\n>p1 move calmmind\n>p2 move velvetpress\n>p1 switch 6\n>p1 move swordsdance\n>p2 move velvetpress\n>p1 switch 2\n>p1 move encore\n>p2 move velvetpress\n>p1 switch 4\n>p1 move alluringvoice\n>p2 move velvetpress",
	"uploadtime": 1790830141
}