{
	"id": "gen9rprandombattle-13-tmoez3",
	"format": "[Gen 9] RP Random Battle",
	"players": [
		"Bunny Easy",
		"TheRedRecord7"
	],
	"rating": null,
	"log": "|j|☆Bunny Easy\n|j|☆TheRedRecord7\n|t:|1791657964\n|gametype|singles\n|player|p1|Bunny Easy|bunny.png|1039\n|player|p2|TheRedRecord7|palmer|1125\n|gen|9\n|tier|[Gen 9] RP Random Battle\n|rated|\n|rule|Species Clause: Limit one of each Pokémon\n|rule|HP Percentage Mod: HP is shown in percentages\n|rule|Sleep Clause Mod: Limit one foe put to sleep\n|rule|Illusion Level Mod: Illusion disguises the Pokémon's true level\n|\n|t:|1791657965\n|teamsize|p1|6\n|teamsize|p2|6\n|start\n|switch|p1a: Hawlucha|Hawlucha, L80, F|256/256\n|switch|p2a: Exeggutor|Exeggutor, L89, F|314/314\n|turn|1\n|c|☆Bunny Easy|Good luck! Playing on **easy**.\n|\n|t:|1791657988\n|-terastallize|p1a: Hawlucha|Flying\n|-terastallize|p2a: Exeggutor|Steel\n|move|p1a: Hawlucha|Close Combat|p2a: Exeggutor\n|-supereffective|p2a: Exeggutor\n|-damage|p2a: Exeggutor|102/314\n|-unboost|p1a: Hawlucha|def|1\n|-unboost|p1a: Hawlucha|spd|1\n|-enditem|p2a: Exeggutor|Sitrus Berry|[eat]\n|-heal|p2a: Exeggutor|180/314|[from] item: Sitrus Berry\n|-enditem|p1a: Hawlucha|White Herb\n|-clearnegativeboost|p1a: Hawlucha|[silent]\n|move|p2a: Exeggutor|Psychic Noise|p1a: Hawlucha\n|-damage|p1a: Hawlucha|111/256\n|-start|p1a: Hawlucha|move: Heal Block\n|\n|upkeep\n|turn|2\n|\n|t:|1791658018\n|switch|p2a: Munkidori|Munkidori, L79, M|269/269\n|move|p1a: Hawlucha|Close Combat|p2a: Munkidori\n|-resisted|p2a: Munkidori\n|-damage|p2a: Munkidori|235/269\n|-unboost|p1a: Hawlucha|def|1\n|-unboost|p1a: Hawlucha|spd|1\n|\n|-end|p1a: Hawlucha|move: Heal Block\n|upkeep\n|turn|3\n|\n|t:|1791658035\n|move|p1a: Hawlucha|Close Combat|p2a: Munkidori\n|-resisted|p2a: Munkidori\n|-damage|p2a: Munkidori|202/269\n|-unboost|p1a: Hawlucha|def|1\n|-unboost|p1a: Hawlucha|spd|1\n|move|p2a: Munkidori|Nasty Plot|p2a: Munkidori\n|-boost|p2a: Munkidori|spa|2\n|\n|upkeep\n|turn|4\n|\n|t:|1791658052\n|move|p1a: Hawlucha|Close Combat|p2a: Munkidori\n|-resisted|p2a: Munkidori\n|-damage|p2a: Munkidori|165/269\n|-unboost|p1a: Hawlucha|def|1\n|-unboost|p1a: Hawlucha|spd|1\n|move|p2a: Munkidori|Sludge Wave|p1a: Hawlucha\n|-damage|p1a: Hawlucha|0 fnt\n|faint|p1a: Hawlucha\n|-damage|p2a: Munkidori|139/269|[from] item: Life Orb\n|\n|upkeep\n|\n|t:|1791658052\n|switch|p1a: Espeon|Espeon, L84, F|246/246\n|turn|5\n|\n|t:|1791658076\n|move|p1a: Espeon|Psychic|p2a: Munkidori\n|-damage|p2a: Munkidori|0 fnt\n|faint|p2a: Munkidori\n|-damage|p1a: Espeon|222/246|[from] item: Life Orb\n|\n|upkeep\n|\n|t:|1791658096\n|switch|p2a: Dudunsparce|Dudunsparce-Three-Segment, L83, F|343/343\n|turn|6\n|\n|t:|1791658102\n|move|p1a: Espeon|Focus Blast|p2a: Dudunsparce|[miss]\n|-miss|p1a: Espeon|p2a: Dudunsparce\n|move|p2a: Dudunsparce|Calm Mind|p2a: Dudunsparce\n|-boost|p2a: Dudunsparce|spa|1\n|-boost|p2a: Dudunsparce|spd|1\n|\n|upkeep\n|turn|7\n|\n|t:|1791658114\n|move|p1a: Espeon|Focus Blast|p2a: Dudunsparce\n|-supereffective|p2a: Dudunsparce\n|-damage|p2a: Dudunsparce|130/343\n|-damage|p1a: Espeon|198/246|[from] item: Life Orb\n|move|p2a: Dudunsparce|Shadow Ball|p1a: Espeon\n|-supereffective|p1a: Espeon\n|-damage|p1a: Espeon|60/246\n|-unboost|p1a: Espeon|spd|1\n|\n|-heal|p2a: Dudunsparce|151/343|[from] item: Leftovers\n|upkeep\n|turn|8\n|\n|t:|1791658137\n|switch|p2a: Exeggutor|Exeggutor, L89, F, tera:Steel|180/314\n|move|p1a: Espeon|Focus Blast|p2a: Exeggutor|[miss]\n|-miss|p1a: Espeon|p2a: Exeggutor\n|\n|-item|p2a: Exeggutor|Sitrus Berry|[from] ability: Harvest\n|upkeep\n|turn|9\n|\n|t:|1791658164\n|switch|p2a: Blaziken|Blaziken, L76, M|247/247\n|move|p1a: Espeon|Focus Blast|p2a: Blaziken\n|-damage|p2a: Blaziken|57/247\n|-damage|p1a: Espeon|36/246|[from] item: Life Orb\n|\n|upkeep\n|turn|10\n|\n|t:|1791658177\n|move|p1a: Espeon|Psychic|p2a: Blaziken\n|-supereffective|p2a: Blaziken\n|-damage|p2a: Blaziken|0 fnt\n|faint|p2a: Blaziken\n|-damage|p1a: Espeon|12/246|[from] item: Life Orb\n|\n|upkeep\n|\n|t:|1791658192\n|switch|p2a: Arceus|Arceus-Ice, L72|291/291\n|turn|11\n|\n|t:|1791658207\n|move|p1a: Espeon|Focus Blast|p2a: Arceus|[miss]\n|-miss|p1a: Espeon|p2a: Arceus\n|move|p2a: Arceus|Earth Power|p1a: Espeon\n|-crit|p1a: Espeon\n|-damage|p1a: Espeon|0 fnt\n|faint|p1a: Espeon\n|\n|upkeep\n|\n|t:|1791658207\n|switch|p1a: Conkeldurr|Conkeldurr, L80, M|299/299\n|turn|12\n|c|☆TheRedRecord7|!data Ice Face\n|c|☆TheRedRecord7|/raw <ul class=\"utilichart\"><li class=\"result\"><span class=\"col namecol\"><a href=\"https://dex.pokemonshowdown.com/abilities/iceface\">Ice Face</a></span> <span class=\"col abilitydesccol\">If Eiscue, the first physical hit it takes deals 0 damage. Effect is restored in Snow.</span> </li><li style=\"clear:both\"></li></ul>\n\n|\n|t:|1791658243\n|switch|p2a: Eiscue|Eiscue, L88, M|274/274\n|move|p1a: Conkeldurr|Close Combat|p2a: Eiscue\n|-activate|p2a: Eiscue|ability: Ice Face\n|-damage|p2a: Eiscue|274/274\n|-unboost|p1a: Conkeldurr|def|1\n|-unboost|p1a: Conkeldurr|spd|1\n|detailschange|p2a: Eiscue|Eiscue-Noice, L88, M\n|\n|-status|p1a: Conkeldurr|brn|[from] item: Flame Orb\n|upkeep\n|turn|13\n|\n|t:|1791658262\n|move|p2a: Eiscue|Zen Headbutt|p1a: Conkeldurr\n|-supereffective|p1a: Conkeldurr\n|-damage|p1a: Conkeldurr|143/299 brn\n|move|p1a: Conkeldurr|Close Combat|p2a: Eiscue\n|-supereffective|p2a: Eiscue\n|-damage|p2a: Eiscue|0 fnt\n|-unboost|p1a: Conkeldurr|def|1\n|-unboost|p1a: Conkeldurr|spd|1\n|faint|p2a: Eiscue\n|\n|-damage|p1a: Conkeldurr|125/299 brn|[from] brn\n|upkeep\n|\n|t:|1791658286\n|switch|p2a: Dudunsparce|Dudunsparce-Three-Segment, L83, F|151/343\n|turn|14\n|\n|t:|1791658294\n|move|p2a: Dudunsparce|Boomburst|p1a: Conkeldurr\n|-damage|p1a: Conkeldurr|0 fnt\n|faint|p1a: Conkeldurr\n|\n|-heal|p2a: Dudunsparce|172/343|[from] item: Leftovers\n|upkeep\n|\n|t:|1791658294\n|switch|p1a: Lanturn|Lanturn, L89, F|367/367\n|turn|15\n|\n|t:|1791658312\n|move|p1a: Lanturn|Volt Switch|p2a: Dudunsparce\n|-damage|p2a: Dudunsparce|99/343\n|\n|t:|1791658312\n|switch|p1a: Swanna|Swanna, L89, F|278/278|[from] Volt Switch\n|move|p2a: Dudunsparce|Roost|p2a: Dudunsparce\n|-heal|p2a: Dudunsparce|271/343\n|-singleturn|p2a: Dudunsparce|move: Roost\n|\n|-heal|p2a: Dudunsparce|292/343|[from] item: Leftovers\n|upkeep\n|turn|16\n|\n|t:|1791658329\n|move|p1a: Swanna|Brave Bird|p2a: Dudunsparce\n|-damage|p2a: Dudunsparce|148/343\n|-damage|p1a: Swanna|230/278|[from] Recoil\n|move|p2a: Dudunsparce|Calm Mind|p2a: Dudunsparce\n|-boost|p2a: Dudunsparce|spa|1\n|-boost|p2a: Dudunsparce|spd|1\n|\n|-heal|p2a: Dudunsparce|169/343|[from] item: Leftovers\n|upkeep\n|turn|17\n|\n|t:|1791658340\n|move|p1a: Swanna|Brave Bird|p2a: Dudunsparce\n|-damage|p2a: Dudunsparce|30/343\n|-damage|p1a: Swanna|184/278|[from] Recoil\n|move|p2a: Dudunsparce|Roost|p2a: Dudunsparce\n|-heal|p2a: Dudunsparce|202/343\n|-singleturn|p2a: Dudunsparce|move: Roost\n|\n|-heal|p2a: Dudunsparce|223/343|[from] item: Leftovers\n|upkeep\n|turn|18\n|\n|t:|1791658350\n|move|p1a: Swanna|Brave Bird|p2a: Dudunsparce\n|-damage|p2a: Dudunsparce|91/343\n|-damage|p1a: Swanna|140/278|[from] Recoil\n|move|p2a: Dudunsparce|Roost|p2a: Dudunsparce\n|-heal|p2a: Dudunsparce|263/343\n|-singleturn|p2a: Dudunsparce|move: Roost\n|\n|-heal|p2a: Dudunsparce|284/343|[from] item: Leftovers\n|upkeep\n|turn|19\n|\n|t:|1791658363\n|move|p1a: Swanna|Defog|p2a: Dudunsparce\n|-unboost|p2a: Dudunsparce|evasion|1\n|move|p2a: Dudunsparce|Calm Mind|p2a: Dudunsparce\n|-boost|p2a: Dudunsparce|spa|1\n|-boost|p2a: Dudunsparce|spd|1\n|\n|-heal|p2a: Dudunsparce|305/343|[from] item: Leftovers\n|upkeep\n|turn|20\n|\n|t:|1791658375\n|move|p1a: Swanna|Brave Bird|p2a: Dudunsparce\n|-damage|p2a: Dudunsparce|160/343\n|-damage|p1a: Swanna|92/278|[from] Recoil\n|move|p2a: Dudunsparce|Calm Mind|p2a: Dudunsparce\n|-boost|p2a: Dudunsparce|spa|1\n|-boost|p2a: Dudunsparce|spd|1\n|\n|-heal|p2a: Dudunsparce|181/343|[from] item: Leftovers\n|upkeep\n|turn|21\n|\n|t:|1791658386\n|move|p1a: Swanna|Brave Bird|p2a: Dudunsparce\n|-damage|p2a: Dudunsparce|30/343\n|-damage|p1a: Swanna|42/278|[from] Recoil\n|move|p2a: Dudunsparce|Roost|p2a: Dudunsparce\n|-heal|p2a: Dudunsparce|202/343\n|-singleturn|p2a: Dudunsparce|move: Roost\n|\n|-heal|p2a: Dudunsparce|223/343|[from] item: Leftovers\n|upkeep\n|turn|22\n|\n|t:|1791658396\n|move|p1a: Swanna|Brave Bird|p2a: Dudunsparce\n|-damage|p2a: Dudunsparce|75/343\n|-damage|p1a: Swanna|0 fnt|[from] Recoil\n|faint|p1a: Swanna\n|move|p2a: Dudunsparce|Roost|p2a: Dudunsparce\n|-heal|p2a: Dudunsparce|247/343\n|-singleturn|p2a: Dudunsparce|move: Roost\n|\n|-heal|p2a: Dudunsparce|268/343|[from] item: Leftovers\n|upkeep\n|\n|t:|1791658396\n|switch|p1a: Lanturn|Lanturn, L89, F|367/367\n|turn|23\n|\n|t:|1791658409\n|move|p1a: Lanturn|Undertow|p2a: Dudunsparce\n|-damage|p2a: Dudunsparce|225/343\n|-unboost|p2a: Dudunsparce|spe|1\n|move|p2a: Dudunsparce|Boomburst|p1a: Lanturn\n|-damage|p1a: Lanturn|12/367\n|\n|-heal|p2a: Dudunsparce|246/343|[from] item: Leftovers\n|upkeep\n|turn|24\n|\n|t:|1791658420\n|move|p1a: Lanturn|Thunderbolt|p2a: Dudunsparce\n|-damage|p2a: Dudunsparce|209/343\n|move|p2a: Dudunsparce|Shadow Ball|p1a: Lanturn\n|-damage|p1a: Lanturn|0 fnt\n|faint|p1a: Lanturn\n|\n|-heal|p2a: Dudunsparce|230/343|[from] item: Leftovers\n|upkeep\n|\n|t:|1791658420\n|switch|p1a: Ninetales|Ninetales-Alola, L78, M|242/242\n|-weather|Snowscape|[from] ability: Snow Warning|[of] p1a: Ninetales\n|turn|25\n|\n|t:|1791658441\n|move|p1a: Ninetales|Blizzard|p2a: Dudunsparce\n|-damage|p2a: Dudunsparce|188/343\n|move|p2a: Dudunsparce|Boomburst|p1a: Ninetales\n|-damage|p1a: Ninetales|0 fnt\n|faint|p1a: Ninetales\n|\n|win|TheRedRecord7\n",
	"inputlog": ">start {\"formatid\":\"gen9rprandombattle\",\"seed\":\"sodium,144729e4acd7d247780e6a51e98f4407\",\"rated\":\"Rated battle\"}\n>player p1 {\"name\":\"Bunny Easy\",\"avatar\":\"bunny.png\",\"rating\":1039,\"seed\":\"sodium,f1b3b6a5484de954f3d4bc2b57a23961\"}\n>player p2 {\"name\":\"TheRedRecord7\",\"avatar\":\"palmer\",\"rating\":1125,\"seed\":\"sodium,8c8c4e3c7c21af1487fed16c1cd49cbc\"}\n>chat ☆Bunny Easy|Good luck! Playing on **easy**.\n>p1 move closecombat terastallize\n>p2 move psychicnoise terastallize\n>p1 move closecombat\n>p2 switch 6\n>p1 move closecombat\n>p2 move nastyplot\n>p1 move closecombat\n>p2 move sludgewave\n>p1 switch 2\n>p1 move psychic\n>p2 move sludgewave\n>p2 switch 2\n>p1 move focusblast\n>p2 move calmmind\n>p1 move focusblast\n>p2 move shadowball\n>p1 move focusblast\n>p2 switch 6\n>p1 move focusblast\n>p2 switch 4\n>p1 move psychic\n>p2 move knockoff\n>p2 switch 5\n>p1 move focusblast\n>p2 move earthpower\n>p1 switch 4\n>chat ☆TheRedRecord7|!data Ice Face\n>p1 move closecombat\n>p2 switch 3\n>p1 move closecombat\n>p2 move zenheadbutt\n>p2 switch 6\n>p1 move closecombat\n>p2 move boomburst\n>p1 switch 5\n>p1 move voltswitch\n>p2 move roost\n>p1 switch 3\n>p1 move bravebird\n>p2 move calmmind\n>p1 move bravebird\n>p2 move roost\n>p1 move bravebird\n>p2 move roost\n>p1 move defog\n>p2 move calmmind\n>p1 move bravebird\n>p2 move calmmind\n>p1 move bravebird\n>p2 move roost\n>p1 move bravebird\n>p2 move roost\n>p1 switch 3\n>p1 move undertow\n>p2 move boomburst\n>p1 move thunderbolt\n>p2 move shadowball\n>p1 switch 6\n>p1 move blizzard\n>p2 move boomburst",
	"uploadtime": 1791658441
}