{
	"id": "gen9rpou-19-tlj24k",
	"format": "[Gen 9] RP OU",
	"players": [
		"Bunny Stockfish",
		"TheRealWhimsicott"
	],
	"rating": null,
	"log": "|j|☆Bunny Stockfish\n|j|☆TheRealWhimsicott\n|t:|1789684924\n|gametype|singles\n|badge|p1|bronze|gen9rpou|3-3\n|badge|p2|silver|gen9rpou|2-2\n|player|p1|Bunny Stockfish|bunny.png|1332\n|player|p2|TheRealWhimsicott|1|1372\n|gen|9\n|tier|[Gen 9] RP OU\n|rated|\n|rule|HP Percentage Mod: HP is shown in percentages\n|rule|Endless Battle Clause: Forcing endless battles is banned\n|rule|Species Clause: Limit one of each Pokémon\n|rule|OHKO Clause: OHKO moves are banned\n|rule|Evasion Clause: Evasion abilities, items, and moves are banned\n|rule|Evasion Abilities Clause: Evasion abilities are banned\n|rule|Evasion Items Clause: Evasion items are banned\n|rule|Evasion Moves Clause: Evasion moves are banned\n|rule|Sleep Clause Mod: Limit one foe put to sleep\n|clearpoke\n|poke|p1|Kingambit|\n|poke|p1|Dragapult|\n|poke|p1|Roserade|\n|poke|p1|Rotom-Wash|\n|poke|p1|Empoleon|\n|poke|p1|Spiritomb|\n|poke|p2|Kingambit|\n|poke|p2|Haxorus|\n|poke|p2|Pawmot|\n|poke|p2|Glaceon|\n|poke|p2|Tapu Koko|\n|poke|p2|Corviknight|\n|teampreview\n|c|☆Bunny Stockfish|Good luck! Playing on **stockfish**.\n|\n|t:|1789684928\n|teamsize|p1|6\n|teamsize|p2|6\n|start\n|switch|p1a: Empoleon|Empoleon|100/100\n|switch|p2a: Glaceon|Glaceon|100/100\n|-weather|Snowscape|[from] ability: Diamond Dust|[of] p2a: Glaceon\n|turn|1\n|\n|t:|1789684936\n|-start|p1a: Empoleon|Dynamax|\n|-heal|p1a: Empoleon|100/100|[silent]\n|move|p2a: Glaceon|Focus Blast|p1a: Empoleon\n|-supereffective|p1a: Empoleon\n|-damage|p1a: Empoleon|56/100\n|move|p1a: Empoleon|Max Geyser|p2a: Glaceon\n|-damage|p2a: Glaceon|15/100\n|-weather|RainDance\n|\n|-weather|RainDance|[upkeep]\n|-heal|p1a: Empoleon|59/100|[from] item: Leftovers\n|upkeep\n|turn|2\n|\n|t:|1789684950\n|switch|p2a: Haxorus|Haxorus|100/100\n|-ability|p2a: Haxorus|Mold Breaker\n|move|p1a: Empoleon|Max Geyser|p2a: Haxorus\n|-resisted|p2a: Haxorus\n|-damage|p2a: Haxorus|22/100\n|\n|-weather|RainDance|[upkeep]\n|-heal|p1a: Empoleon|62/100|[from] item: Leftovers\n|upkeep\n|turn|3\n|\n|t:|1789684952\n|move|p2a: Haxorus|Earthquake|p1a: Empoleon\n|-supereffective|p1a: Empoleon\n|-damage|p1a: Empoleon|24/100\n|move|p1a: Empoleon|Max Geyser|p2a: Haxorus\n|-resisted|p2a: Haxorus\n|-damage|p2a: Haxorus|0 fnt\n|faint|p2a: Haxorus\n|\n|-weather|RainDance|[upkeep]\n|-heal|p1a: Empoleon|28/100|[from] item: Leftovers\n|upkeep\n|\n|t:|1789684958\n|switch|p2a: Glaceon|Glaceon|15/100\n|-weather|Snowscape|[from] ability: Diamond Dust|[of] p2a: Glaceon\n|-end|p1a: Empoleon|Dynamax\n|-heal|p1a: Empoleon|28/100|[silent]\n|turn|4\n|\n|t:|1789684959\n|move|p2a: Glaceon|Earth Power|p1a: Empoleon\n|-supereffective|p1a: Empoleon\n|-damage|p1a: Empoleon|0 fnt\n|faint|p1a: Empoleon\n|\n|-weather|Snowscape|[upkeep]\n|upkeep\n|\n|t:|1789684959\n|switch|p1a: Kingambit|Kingambit|100/100\n|-activate|p1a: Kingambit|ability: Supreme Overlord\n|-start|p1a: Kingambit|fallen1|[silent]\n|turn|5\n|\n|t:|1789684961\n|move|p2a: Glaceon|Earth Power|p1a: Kingambit\n|-supereffective|p1a: Kingambit\n|-damage|p1a: Kingambit|2/100\n|move|p1a: Kingambit|Iron Head|p2a: Glaceon\n|-supereffective|p2a: Glaceon\n|-damage|p2a: Glaceon|0 fnt\n|faint|p2a: Glaceon\n|\n|-weather|Snowscape|[upkeep]\n|upkeep\n|\n|t:|1789684966\n|switch|p2a: Pawmot|Pawmot|100/100\n|turn|6\n|\n|t:|1789684972\n|-end|p1a: Kingambit|fallen1|[silent]\n|switch|p1a: Dragapult|Dragapult|100/100\n|-terastallize|p2a: Pawmot|Electric\n|move|p2a: Pawmot|Double Shock|p1a: Dragapult\n|-resisted|p1a: Dragapult\n|-damage|p1a: Dragapult|23/100\n|-start|p2a: Pawmot|typechange|Electric|[from] move: Double Shock\n|\n|-weather|Snowscape|[upkeep]\n|upkeep\n|turn|7\n|\n|t:|1789684974\n|move|p1a: Dragapult|Draco Meteor|p2a: Pawmot\n|-damage|p2a: Pawmot|0 fnt\n|-unboost|p1a: Dragapult|spa|2\n|faint|p2a: Pawmot\n|-damage|p1a: Dragapult|13/100|[from] item: Life Orb\n|\n|-weather|Snowscape|[upkeep]\n|upkeep\n|\n|t:|1789684980\n|switch|p2a: Corviknight|Corviknight|100/100\n|-ability|p2a: Corviknight|Pressure\n|turn|8\n|\n|t:|1789684981\n|switch|p1a: Rotom|Rotom-Wash|100/100\n|move|p2a: Corviknight|U-turn|p1a: Rotom\n|-damage|p1a: Rotom|89/100\n|\n|t:|1789684984\n|switch|p2a: Kingambit|Kingambit|100/100|[from] U-turn\n|-activate|p2a: Kingambit|ability: Supreme Overlord\n|-start|p2a: Kingambit|fallen3|[silent]\n|\n|-weather|none\n|-heal|p1a: Rotom|95/100|[from] item: Leftovers\n|upkeep\n|turn|9\n|\n|t:|1789684986\n|move|p1a: Rotom|Hydro Pump|p2a: Kingambit\n|-damage|p2a: Kingambit|66/100\n|move|p2a: Kingambit|Swords Dance|p2a: Kingambit\n|-boost|p2a: Kingambit|atk|2\n|\n|-heal|p1a: Rotom|100/100|[from] item: Leftovers\n|upkeep\n|turn|10\n|\n|t:|1789684989\n|move|p1a: Rotom|Hydro Pump|p2a: Kingambit\n|-damage|p2a: Kingambit|25/100\n|move|p2a: Kingambit|Swords Dance|p2a: Kingambit\n|-boost|p2a: Kingambit|atk|2\n|\n|upkeep\n|turn|11\n|\n|t:|1789684992\n|move|p2a: Kingambit|Sucker Punch|p1a: Rotom\n|-crit|p1a: Rotom\n|-damage|p1a: Rotom|0 fnt\n|faint|p1a: Rotom\n|\n|upkeep\n|\n|t:|1789684992\n|switch|p1a: Spiritomb|Spiritomb|100/100\n|turn|12\n|\n|t:|1789684999\n|-end|p2a: Kingambit|fallen3|[silent]\n|switch|p2a: Tapu Koko|Tapu Koko|100/100\n|-fieldstart|move: Electric Terrain|[from] ability: Electric Surge|[of] p2a: Tapu Koko\n|-terastallize|p1a: Spiritomb|Fairy\n|move|p1a: Spiritomb|Soul Toll|p2a: Tapu Koko\n|-damage|p2a: Tapu Koko|55/100\n|\n|upkeep\n|turn|13\n|\n|t:|1789685003\n|move|p2a: Tapu Koko|Thunderbolt|p1a: Spiritomb\n|-damage|p1a: Spiritomb|71/100\n|move|p1a: Spiritomb|Soul Toll|p2a: Tapu Koko\n|-damage|p2a: Tapu Koko|11/100\n|\n|-heal|p1a: Spiritomb|77/100|[from] item: Leftovers\n|upkeep\n|turn|14\n|\n|t:|1789685009\n|-start|p2a: Tapu Koko|Dynamax|\n|-heal|p2a: Tapu Koko|11/100|[silent]\n|move|p2a: Tapu Koko|Max Lightning|p1a: Spiritomb\n|-damage|p1a: Spiritomb|36/100\n|move|p1a: Spiritomb|Soul Toll|p2a: Tapu Koko\n|-damage|p2a: Tapu Koko|0 fnt\n|faint|p2a: Tapu Koko\n|\n|-heal|p1a: Spiritomb|42/100|[from] item: Leftovers\n|upkeep\n|\n|t:|1789685018\n|switch|p2a: Corviknight|Corviknight|100/100\n|-ability|p2a: Corviknight|Pressure\n|turn|15\n|\n|t:|1789685020\n|move|p2a: Corviknight|U-turn|p1a: Spiritomb\n|-resisted|p1a: Spiritomb\n|-damage|p1a: Spiritomb|36/100\n|\n|t:|1789685022\n|switch|p2a: Kingambit|Kingambit|25/100|[from] U-turn\n|-activate|p2a: Kingambit|ability: Supreme Overlord\n|-start|p2a: Kingambit|fallen4|[silent]\n|move|p1a: Spiritomb|Soul Toll|p2a: Kingambit\n|-resisted|p2a: Kingambit\n|-damage|p2a: Kingambit|10/100\n|\n|-heal|p1a: Spiritomb|42/100|[from] item: Leftovers\n|upkeep\n|turn|16\n|\n|t:|1789685025\n|move|p2a: Kingambit|Knock Off|p1a: Spiritomb\n|-resisted|p1a: Spiritomb\n|-damage|p1a: Spiritomb|2/100\n|-enditem|p1a: Spiritomb|Leftovers|[from] move: Knock Off|[of] p2a: Kingambit\n|move|p1a: Spiritomb|Soul Toll|p2a: Kingambit\n|-resisted|p2a: Kingambit\n|-damage|p2a: Kingambit|0 fnt\n|faint|p2a: Kingambit\n|-end|p2a: Kingambit|fallen4|[silent]\n|\n|upkeep\n|\n|t:|1789685028\n|switch|p2a: Corviknight|Corviknight|100/100\n|-ability|p2a: Corviknight|Pressure\n|turn|17\n|\n|t:|1789685028\n|move|p2a: Corviknight|U-turn|p1a: Spiritomb\n|-resisted|p1a: Spiritomb\n|-ability|p1a: Spiritomb|Keystone Legion\n|-message|The spirits of the keystone shield Spiritomb!\n|-start|p2a: Corviknight|Curse|[of] p1a: Spiritomb\n|-damage|p1a: Spiritomb|1/100\n|move|p1a: Spiritomb|Soul Toll|p2a: Corviknight\n|-damage|p2a: Corviknight|42/100\n|-heal|p1a: Spiritomb|32/100|[from] drain|[of] p2a: Corviknight\n|\n|-heal|p2a: Corviknight|48/100|[from] item: Leftovers\n|-damage|p2a: Corviknight|23/100|[from] Curse\n|upkeep\n|turn|18\n|\n|t:|1789685031\n|move|p1a: Spiritomb|Soul Toll|p2a: Corviknight\n|-damage|p2a: Corviknight|0 fnt\n|-heal|p1a: Spiritomb|44/100|[from] drain|[of] p2a: Corviknight\n|faint|p2a: Corviknight\n|-message|A soul joins the legion. Spiritomb's keystone mends!\n|\n|win|Bunny Stockfish\n",
	"inputlog": ">start {\"formatid\":\"gen9rpou\",\"seed\":\"sodium,8b61361c78f36dcd892883009050da43\",\"rated\":\"Rated battle\"}\n>player p1 {\"name\":\"Bunny Stockfish\",\"avatar\":\"bunny.png\",\"team\":\"Kingambit||LumBerry|SupremeOverlord|SwordsDance,SuckerPunch,CarrionFeast,IronHead|Adamant|252,252,,,4,|N||||,,,,,Dark]Dragapult||LifeOrb|ClearBody|DragonDarts,DracoMeteor,ShadowBall,WillOWisp|Naive|,4,,252,,252|N||||,,,,,Dragon]Roserade||FocusSash|Masquerade|ThornedBouquet,SludgeBomb,SolarNectar,ToxicSpikes|Timid|,,,252,4,252|N||||,,,,,Grass]Rotom|RotomWash|Leftovers|Levitate|VoltSwitch,HydroPump,PainSplit,WillOWisp|Bold|252,,212,,,44|N||||,,,,,Steel]Empoleon||Leftovers|EmperorsPride|ImperialTorrent,Roost,StealthRock,WaveCharge|Calm|252,,4,,252,|N||||,,,,,Flying]Spiritomb||Leftovers|KeystoneLegion|SoulToll,StrengthSap,WillOWisp,CarrionFeast|Calm|252,,4,,252,|N||||,,,,,Fairy\",\"rating\":1332}\n>player p2 {\"name\":\"TheRealWhimsicott\",\"avatar\":\"1\",\"team\":\"Kingambit||BlackGlasses|SupremeOverlord|KnockOff,LowKick,SuckerPunch,SwordsDance|Adamant|252,252,,,4,|N||||,,,,,Dark]Haxorus||LoadedDice|MoldBreaker|HoneClaws,ScaleShot,Earthquake,IronHead|Jolly|4,252,,,,252|N||||,,,,,Steel]Pawmot||ChoiceBand|IronFist|RevivalBlessing,SparkScamper,CloseCombat,DoubleShock|Jolly|4,252,,,,252|N||||,,,,,Electric]Glaceon||ChoiceSpecs|DiamondDust|EarthPower,FreezeDry,FocusBlast,Blizzard|Modest|,,,252,4,252|N|,0,,,,|||,,,,,Ice]Tapu Koko||TerrainExtender|ElectricSurge|Uturn,Roost,Thunderbolt,DazzlingGleam|Timid|4,,,252,,252|N||||,,,,,Electric]Corviknight||Leftovers|Pressure|Roost,Uturn,Protect,Defog|Impish|252,,252,,4,|N||||,,,,,Flying\",\"rating\":1372}\n>chat ☆Bunny Stockfish|Good luck! Playing on **stockfish**.\n>p1 team 5, 2, 3, 4, 1, 6\n>p2 team 4, 2, 3, 1, 5, 6\n>p1 move imperialtorrent dynamax\n>p2 move focusblast\n>p1 move imperialtorrent dynamax\n>p2 switch 2\n>p1 move imperialtorrent dynamax\n>p2 move earthquake\n>p2 switch 2\n>p1 move imperialtorrent\n>p2 move earthpower\n>p1 switch 5\n>p1 move ironhead\n>p2 move earthpower\n>p2 switch 3\n>p1 switch 2\n>p2 move doubleshock terastallize\n>p1 move dracometeor\n>p2 move doubleshock\n>p2 switch 6\n>p1 switch 4\n>p2 move uturn\n>p2 switch 4\n>p1 move hydropump\n>p2 move swordsdance\n>p1 move hydropump\n>p2 move swordsdance\n>p1 move hydropump\n>p2 move suckerpunch\n>p1 switch 6\n>p1 move soultoll terastallize\n>p2 switch 5\n>p1 move soultoll\n>p2 move thunderbolt\n>p1 move soultoll\n>p2 move thunderbolt dynamax\n>p2 switch 4\n>p1 move soultoll\n>p2 move uturn\n>p2 switch 5\n>p1 move soultoll\n>p2 move knockoff\n>p2 switch 5\n>p1 move soultoll\n>p2 move uturn\n>p1 move soultoll\n>p2 move roost",
	"uploadtime": 1789685031
}