{
	"id": "gen9rpou-1-tlirc4",
	"format": "[Gen 9] RP OU",
	"players": [
		"Bunny Stockfish",
		"SlimeQueenSamantha"
	],
	"rating": null,
	"log": "|j|☆Bunny Stockfish\n|j|☆SlimeQueenSamantha\n|t:|1789666337\n|gametype|singles\n|player|p1|Bunny Stockfish|bunny.png|1332\n|player|p2|SlimeQueenSamantha|queen.png|1396\n|gen|9\n|tier|[Gen 9] RP OU\n|rated|\n|rule|HP Percentage Mod: HP is shown in percentages\n|rule|Endless Battle Clause: Forcing endless battles is banned\n|rule|Species Clause: Limit one of each Pokémon\n|rule|OHKO Clause: OHKO moves are banned\n|rule|Evasion Clause: Evasion abilities, items, and moves are banned\n|rule|Evasion Abilities Clause: Evasion abilities are banned\n|rule|Evasion Items Clause: Evasion items are banned\n|rule|Evasion Moves Clause: Evasion moves are banned\n|rule|Sleep Clause Mod: Limit one foe put to sleep\n|clearpoke\n|poke|p1|Great Tusk|\n|poke|p1|Kingambit|\n|poke|p1|Cresselia|\n|poke|p1|Enamorus|\n|poke|p1|Samurott-Hisui|\n|poke|p1|Cinderace|\n|poke|p2|Spiritomb|\n|poke|p2|Glaceon|\n|poke|p2|Garchomp|\n|poke|p2|Roserade|\n|poke|p2|Togekiss|\n|poke|p2|Lucario|\n|teampreview\n|c|☆Bunny Stockfish|Good luck! Playing on **stockfish**.\n|\n|t:|1789666347\n|teamsize|p1|6\n|teamsize|p2|6\n|start\n|switch|p1a: Great Tusk|Great Tusk|100/100\n|switch|p2a: Roserade|Roserade|100/100\n|-ability|p2a: Roserade|Masquerade\n|-start|p1a: Great Tusk|move: Taunt\n|turn|1\n|\n|t:|1789666350\n|-end|p1a: Great Tusk|Protosynthesis|[silent]\n|switch|p1a: Kingambit|Kingambit|100/100\n|-item|p1a: Kingambit|Air Balloon\n|move|p2a: Roserade|Thorned Bouquet|p1a: Kingambit\n|-resisted|p1a: Kingambit\n|-damage|p1a: Kingambit|73/100\n|-enditem|p1a: Kingambit|Air Balloon\n|\n|upkeep\n|turn|2\n|\n|t:|1789666356\n|move|p2a: Roserade|Nasty Plot|p2a: Roserade\n|-boost|p2a: Roserade|spa|2\n|move|p1a: Kingambit|Swords Dance|p1a: Kingambit\n|-boost|p1a: Kingambit|atk|2\n|\n|upkeep\n|turn|3\n|\n|t:|1789666360\n|-start|p1a: Kingambit|Dynamax|\n|-heal|p1a: Kingambit|73/100|[silent]\n|move|p2a: Roserade|Oxidize|p1a: Kingambit\n|-supereffective|p1a: Kingambit\n|-damage|p1a: Kingambit|0 fnt\n|faint|p1a: Kingambit\n|-end|p1a: Kingambit|fallenundefined|[silent]\n|\n|upkeep\n|\n|t:|1789666360\n|switch|p1a: Cinderace|Cinderace|100/100\n|turn|4\n|\n|t:|1789666424\n|-start|p2a: Roserade|Dynamax|\n|-heal|p2a: Roserade|100/100|[silent]\n|move|p1a: Cinderace|Pyro Ball|p2a: Roserade\n|-supereffective|p2a: Roserade\n|-damage|p2a: Roserade|18/100\n|move|p2a: Roserade|Max Ooze|p1a: Cinderace\n|-damage|p1a: Cinderace|0 fnt\n|-boost|p2a: Roserade|spa|1\n|faint|p1a: Cinderace\n|\n|upkeep\n|\n|t:|1789666424\n|switch|p1a: Great Tusk|Great Tusk|100/100\n|turn|5\n|\n|t:|1789666433\n|move|p2a: Roserade|Max Overgrowth|p1a: Great Tusk\n|-supereffective|p1a: Great Tusk\n|-damage|p1a: Great Tusk|0 fnt\n|-fieldstart|move: Grassy Terrain\n|faint|p1a: Great Tusk\n|-end|p1a: Great Tusk|Protosynthesis|[silent]\n|\n|-heal|p2a: Roserade|21/100|[from] Grassy Terrain\n|upkeep\n|\n|t:|1789666433\n|switch|p1a: Enamorus|Enamorus|100/100\n|turn|6\n|\n|t:|1789666436\n|move|p1a: Enamorus|Mystical Fire|p2a: Roserade\n|-supereffective|p2a: Roserade\n|-damage|p2a: Roserade|0 fnt\n|faint|p2a: Roserade\n|\n|upkeep\n|\n|t:|1789666466\n|switch|p2a: Lucario|Lucario|100/100\n|turn|7\n|\n|t:|1789666469\n|detailschange|p2a: Lucario|Lucario-Mega-Z\n|-mega|p2a: Lucario|Lucario|Lucarionite Z\n|move|p1a: Enamorus|Mystical Fire|p2a: Lucario\n|-supereffective|p2a: Lucario\n|-damage|p2a: Lucario|2/100\n|-unboost|p2a: Lucario|spa|1\n|move|p2a: Lucario|Hidden Power|p1a: Enamorus\n|-supereffective|p1a: Enamorus\n|-damage|p1a: Enamorus|53/100\n|\n|-heal|p2a: Lucario|8/100|[from] Grassy Terrain\n|upkeep\n|turn|8\n|\n|t:|1789666477\n|move|p1a: Enamorus|Mystical Fire|p2a: Lucario\n|-supereffective|p2a: Lucario\n|-damage|p2a: Lucario|0 fnt\n|faint|p2a: Lucario\n|detailschange|p2: Lucario|Lucario|[silent]\n|\n|upkeep\n|\n|t:|1789666480\n|switch|p2a: Garchomp|Garchomp|100/100\n|turn|9\n|\n|t:|1789666482\n|move|p1a: Enamorus|Mystical Fire|p2a: Garchomp\n|-resisted|p2a: Garchomp\n|-damage|p2a: Garchomp|87/100\n|-unboost|p2a: Garchomp|spa|1\n|move|p2a: Garchomp|Stealth Rock|p1a: Enamorus\n|-sidestart|p1: Bunny Stockfish|move: Stealth Rock\n|\n|-heal|p2a: Garchomp|93/100|[from] Grassy Terrain\n|-fieldend|move: Grassy Terrain\n|upkeep\n|turn|10\n|\n|t:|1789666484\n|switch|p1a: Samurott|Samurott-Hisui|100/100\n|-damage|p1a: Samurott|88/100|[from] Stealth Rock\n|move|p2a: Garchomp|Spikes|p1a: Samurott\n|-sidestart|p1: Bunny Stockfish|Spikes\n|\n|upkeep\n|turn|11\n|\n|t:|1789666487\n|move|p1a: Samurott|Aqua Cutter|p2a: Garchomp\n|-damage|p2a: Garchomp|65/100\n|move|p2a: Garchomp|Dragon Tail|p1a: Samurott\n|-damage|p1a: Samurott|53/100\n|drag|p1a: Enamorus|Enamorus|53/100\n|-damage|p1a: Enamorus|29/100|[from] Stealth Rock\n|\n|upkeep\n|turn|12\n|\n|t:|1789666493\n|-terastallize|p1a: Enamorus|Fairy\n|move|p1a: Enamorus|Moonblast|p2a: Garchomp\n|-supereffective|p2a: Garchomp\n|-damage|p2a: Garchomp|0 fnt\n|faint|p2a: Garchomp\n|\n|upkeep\n|\n|t:|1789666498\n|switch|p2a: Glaceon|Glaceon|100/100\n|-weather|Snowscape|[from] ability: Diamond Dust|[of] p2a: Glaceon\n|turn|13\n|\n|t:|1789666499\n|switch|p1a: Cresselia|Cresselia|100/100\n|-damage|p1a: Cresselia|88/100|[from] Stealth Rock\n|move|p2a: Glaceon|Blizzard|p1a: Cresselia\n|-damage|p1a: Cresselia|40/100\n|-damage|p2a: Glaceon|91/100|[from] item: Life Orb\n|\n|-weather|Snowscape|[upkeep]\n|-heal|p1a: Cresselia|46/100|[from] item: Leftovers\n|upkeep\n|turn|14\n|\n|t:|1789666501\n|move|p2a: Glaceon|Blizzard|p1a: Cresselia\n|-damage|p1a: Cresselia|0 fnt\n|faint|p1a: Cresselia\n|-damage|p2a: Glaceon|81/100|[from] item: Life Orb\n|\n|-weather|Snowscape|[upkeep]\n|upkeep\n|\n|t:|1789666502\n|switch|p1a: Samurott|Samurott-Hisui|53/100\n|-damage|p1a: Samurott|41/100|[from] Stealth Rock\n|-damage|p1a: Samurott|28/100|[from] Spikes\n|turn|15\n|\n|t:|1789666505\n|move|p2a: Glaceon|Freeze-Dry|p1a: Samurott\n|-supereffective|p1a: Samurott\n|-damage|p1a: Samurott|0 fnt\n|faint|p1a: Samurott\n|-damage|p2a: Glaceon|71/100|[from] item: Life Orb\n|\n|-weather|Snowscape|[upkeep]\n|upkeep\n|\n|t:|1789666505\n|switch|p1a: Enamorus|Enamorus, tera:Fairy|29/100\n|-damage|p1a: Enamorus|16/100|[from] Stealth Rock\n|-damage|p1a: Enamorus|4/100|[from] Spikes\n|turn|16\n|\n|t:|1789666507\n|move|p1a: Enamorus|Mystical Fire|p2a: Glaceon\n|-supereffective|p2a: Glaceon\n|-damage|p2a: Glaceon|0 fnt\n|faint|p2a: Glaceon\n|\n|-weather|Snowscape|[upkeep]\n|upkeep\n|\n|t:|1789666511\n|switch|p2a: Togekiss|Togekiss|100/100\n|turn|17\n|\n|t:|1789666515\n|-terastallize|p2a: Togekiss|Fairy\n|move|p2a: Togekiss|Alluring Voice|p1a: Enamorus\n|-damage|p1a: Enamorus|0 fnt\n|faint|p1a: Enamorus\n|\n|win|SlimeQueenSamantha\n",
	"inputlog": ">start {\"formatid\":\"gen9rpou\",\"seed\":\"sodium,38da16e6cf319a64caa89706d07772aa\",\"rated\":\"Rated battle\"}\n>player p1 {\"name\":\"Bunny Stockfish\",\"avatar\":\"bunny.png\",\"team\":\"Great Tusk||HeavyDutyBoots|Protosynthesis|HeadlongRush,IceSpinner,RapidSpin,StealthRock|Jolly|252,4,,,,252|N||||,,,,,Water]Kingambit||AirBalloon|SupremeOverlord|SwordsDance,SuckerPunch,LowKick,IronHead|Adamant|,252,4,,,252|N||||,,,,,Ghost]Cresselia||Leftovers|Levitate|CalmMind,StoredPower,Moonblast,Moonlight|Bold|252,,204,,,52|N||||,,,,,Poison]Enamorus||ChoiceScarf|Contrary|Moonblast,EarthPower,MysticalFire,HealingWish|Modest|,,,252,4,252|N||||,,,,,Fairy]Samurott|SamurottHisui|ChoiceScarf|Sharpness|CeaselessEdge,AquaCutter,KnockOff,FlipTurn|Jolly|,252,4,,,252|N||||,,,,,Dark]Cinderace||HeavyDutyBoots|Libero|PyroBall,Uturn,CourtChange,WillOWisp|Jolly|224,32,,,,252|N||||,,,,,Ghost\",\"rating\":1332}\n>player p2 {\"name\":\"SlimeQueenSamantha\",\"avatar\":\"queen.png\",\"team\":\"Spiritomb||Leftovers|KeystoneLegion|SoulToll,StrengthSap,PartingShot,WillOWisp|Calm|252,,4,,252,|N||||,,,,,Ghost]Glaceon||LifeOrb|DiamondDust|Blizzard,FreezeDry,AuroraVeil,EarthPower|Modest|,,4,252,,252|N|,0,,,,|||,,,,,Ice]Garchomp||RockyHelmet|RoughSkin|Earthquake,DragonTail,StealthRock,Spikes|Impish|252,,216,,,40|N||||,,,,,Ghost]Roserade||HeavyDutyBoots|Masquerade|ThornedBouquet,Oxidize,NastyPlot,MortalSpin|Timid|,,,252,4,252|N||||,,,,,Grass]Togekiss||ChoiceScarf|SereneGrace|AirSlash,Uturn,AlluringVoice,Flamethrower|Timid|,,,252,4,252|N||||,,,,,Fairy]Lucario||LucarioniteZ|Steadfast|NastyPlot,AuraSphere,HiddenPowerIce,DarkPulse|Timid|,,,252,,252|N|,0,,,,|||,Ice,,,,Fighting\",\"rating\":1396}\n>chat ☆Bunny Stockfish|Good luck! Playing on **stockfish**.\n>p1 team 1, 6, 4, 5, 3, 2\n>p2 team 4, 2, 3, 1, 5, 6\n>p1 switch 6\n>p2 move thornedbouquet\n>p1 move swordsdance\n>p2 move nastyplot\n>p1 move ironhead dynamax\n>p2 move oxidize\n>p1 switch 2\n>p1 move pyroball\n>p2 move oxidize dynamax\n>p1 switch 6\n>p1 move headlongrush\n>p2 move thornedbouquet dynamax\n>p1 switch 3\n>p1 move mysticalfire\n>p2 move oxidize dynamax\n>p2 switch 6\n>p1 move mysticalfire\n>p2 move hiddenpower mega\n>p1 move mysticalfire\n>p2 move hiddenpower\n>p2 switch 3\n>p1 move mysticalfire\n>p2 move stealthrock\n>p1 switch 4\n>p2 move spikes\n>p1 move aquacutter\n>p2 move dragontail\n>p1 move moonblast terastallize\n>p2 move spikes\n>p2 switch 2\n>p1 switch 5\n>p2 move blizzard\n>p1 move moonblast\n>p2 move blizzard\n>p1 switch 4\n>p1 move aquacutter\n>p2 move freezedry\n>p1 switch 5\n>p1 move mysticalfire\n>p2 move blizzard\n>p2 switch 5\n>p1 move mysticalfire\n>p2 move alluringvoice terastallize",
	"uploadtime": 1789666515
}