{
	"id": "gen9rpou-5-tlix9t",
	"format": "[Gen 9] RP OU",
	"players": [
		"Bunny Stockfish",
		"SlimeQueenSamantha"
	],
	"rating": null,
	"log": "|j|☆Bunny Stockfish\n|j|☆SlimeQueenSamantha\n|t:|1789674572\n|gametype|singles\n|badge|p1|silver|gen9rpou|2-2\n|badge|p2|gold|gen9rpou|1-1\n|player|p1|Bunny Stockfish|bunny.png|1381\n|player|p2|SlimeQueenSamantha|queen.png|1586\n|gen|9\n|tier|[Gen 9] RP OU\n|rated|\n|rule|HP Percentage Mod: HP is shown in percentages\n|rule|Endless Battle Clause: Forcing endless battles is banned\n|rule|Species Clause: Limit one of each Pokémon\n|rule|OHKO Clause: OHKO moves are banned\n|rule|Evasion Clause: Evasion abilities, items, and moves are banned\n|rule|Evasion Abilities Clause: Evasion abilities are banned\n|rule|Evasion Items Clause: Evasion items are banned\n|rule|Evasion Moves Clause: Evasion moves are banned\n|rule|Sleep Clause Mod: Limit one foe put to sleep\n|clearpoke\n|poke|p1|Simipour|\n|poke|p1|Zamazenta-*|\n|poke|p1|Zapdos|\n|poke|p1|Togekiss|\n|poke|p1|Blissey|\n|poke|p1|Spiritomb|\n|poke|p2|Spiritomb|\n|poke|p2|Glaceon|\n|poke|p2|Garchomp|\n|poke|p2|Roserade|\n|poke|p2|Togekiss|\n|poke|p2|Lucario|\n|teampreview\n|c|☆Bunny Stockfish|Good luck! Playing on **stockfish**.\n|\n|t:|1789674594\n|teamsize|p1|6\n|teamsize|p2|6\n|start\n|switch|p1a: Simipour|Simipour|100/100\n|switch|p2a: Garchomp|Garchomp|100/100\n|-weather|RainDance|[from] ability: Tidal Surge|[of] p1a: Simipour\n|turn|1\n|\n|t:|1789674598\n|-terastallize|p1a: Simipour|Water\n|-activate|p1a: Simipour|item: Elemental Banana\n|move|p1a: Simipour|Liquidation|p2a: Garchomp\n|-damage|p2a: Garchomp|30/100\n|-damage|p1a: Simipour|88/100|[from] ability: Rough Skin|[of] p2a: Garchomp\n|-damage|p1a: Simipour|72/100|[from] item: Rocky Helmet|[of] p2a: Garchomp\n|move|p2a: Garchomp|Earthquake|p1a: Simipour\n|-damage|p1a: Simipour|0 fnt\n|faint|p1a: Simipour\n|\n|-weather|RainDance|[upkeep]\n|upkeep\n|\n|t:|1789674598\n|switch|p1a: Zamazenta|Zamazenta|100/100\n|-ability|p1a: Zamazenta|Dauntless Shield|boost\n|-boost|p1a: Zamazenta|def|1\n|turn|2\n|\n|t:|1789674608\n|move|p1a: Zamazenta|Body Press|p2a: Garchomp\n|-damage|p2a: Garchomp|1/100\n|-damage|p1a: Zamazenta|88/100|[from] ability: Rough Skin|[of] p2a: Garchomp\n|-damage|p1a: Zamazenta|72/100|[from] item: Rocky Helmet|[of] p2a: Garchomp\n|move|p2a: Garchomp|Stealth Rock|p1a: Zamazenta\n|-sidestart|p1: Bunny Stockfish|move: Stealth Rock\n|\n|-weather|RainDance|[upkeep]\n|-heal|p1a: Zamazenta|78/100|[from] item: Leftovers\n|upkeep\n|turn|3\n|\n|t:|1789674613\n|move|p1a: Zamazenta|Body Press|p2a: Garchomp\n|-damage|p2a: Garchomp|0 fnt\n|-damage|p1a: Zamazenta|65/100|[from] ability: Rough Skin|[of] p2a: Garchomp\n|-damage|p1a: Zamazenta|49/100|[from] item: Rocky Helmet|[of] p2a: Garchomp\n|faint|p2a: Garchomp\n|\n|-weather|RainDance|[upkeep]\n|-heal|p1a: Zamazenta|55/100|[from] item: Leftovers\n|upkeep\n|\n|t:|1789674617\n|switch|p2a: Glaceon|Glaceon|100/100\n|-weather|Snowscape|[from] ability: Diamond Dust|[of] p2a: Glaceon\n|turn|4\n|\n|t:|1789674618\n|move|p2a: Glaceon|Blizzard|p1a: Zamazenta\n|-damage|p1a: Zamazenta|0 fnt\n|faint|p1a: Zamazenta\n|-damage|p2a: Glaceon|91/100|[from] item: Life Orb\n|\n|-weather|Snowscape|[upkeep]\n|upkeep\n|\n|t:|1789674618\n|switch|p1a: Blissey|Blissey|100/100\n|-damage|p1a: Blissey|88/100|[from] Stealth Rock\n|turn|5\n|\n|t:|1789674622\n|move|p2a: Glaceon|Aurora Veil|p2a: Glaceon\n|-sidestart|p2: SlimeQueenSamantha|move: Aurora Veil\n|move|p1a: Blissey|Calm Mind|p1a: Blissey\n|-boost|p1a: Blissey|spa|1\n|-boost|p1a: Blissey|spd|1\n|\n|-weather|Snowscape|[upkeep]\n|-heal|p1a: Blissey|94/100|[from] item: Leftovers\n|upkeep\n|turn|6\n|\n|t:|1789674626\n|switch|p2a: Spiritomb|Spiritomb|100/100\n|-start|p1a: Blissey|Dynamax|\n|-heal|p1a: Blissey|94/100|[silent]\n|move|p1a: Blissey|Max Flare|p2a: Spiritomb\n|-damage|p2a: Spiritomb|90/100\n|-weather|SunnyDay\n|\n|-weather|SunnyDay|[upkeep]\n|-heal|p1a: Blissey|97/100|[from] item: Leftovers\n|-heal|p2a: Spiritomb|96/100|[from] item: Leftovers\n|upkeep\n|turn|7\n|\n|t:|1789674629\n|move|p1a: Blissey|Max Flare|p2a: Spiritomb\n|-damage|p2a: Spiritomb|81/100\n|move|p2a: Spiritomb|Parting Shot|p1a: Blissey\n|-unboost|p1a: Blissey|atk|1\n|-unboost|p1a: Blissey|spa|1\n|\n|t:|1789674635\n|switch|p2a: Roserade|Roserade|100/100|[from] Parting Shot\n|-ability|p2a: Roserade|Masquerade\n|-start|p1a: Blissey|move: Taunt\n|\n|-weather|SunnyDay|[upkeep]\n|-heal|p1a: Blissey|99/100|[from] item: Leftovers\n|upkeep\n|turn|8\n|\n|t:|1789674640\n|-terastallize|p2a: Roserade|Water\n|move|p2a: Roserade|Thorned Bouquet|p1a: Blissey\n|-damage|p1a: Blissey|96/100\n|-status|p1a: Blissey|psn\n|move|p1a: Blissey|Max Flare|p2a: Roserade\n|-resisted|p2a: Roserade\n|-damage|p2a: Roserade|91/100\n|\n|-weather|SunnyDay|[upkeep]\n|-heal|p1a: Blissey|99/100 psn|[from] item: Leftovers\n|-damage|p1a: Blissey|93/100 psn|[from] psn\n|upkeep\n|-end|p1a: Blissey|Dynamax\n|-heal|p1a: Blissey|93/100 psn|[silent]\n|turn|9\n|\n|t:|1789674645\n|move|p2a: Roserade|Oxidize|p1a: Blissey\n|-damage|p1a: Blissey|86/100 psn\n|move|p1a: Blissey|Seismic Toss|p2a: Roserade\n|-damage|p2a: Roserade|57/100\n|\n|-weather|SunnyDay|[upkeep]\n|-heal|p1a: Blissey|92/100 psn|[from] item: Leftovers\n|-damage|p1a: Blissey|79/100 psn|[from] psn\n|-sideend|p2: SlimeQueenSamantha|move: Aurora Veil\n|upkeep\n|turn|10\n|\n|t:|1789674647\n|move|p2a: Roserade|Nasty Plot|p2a: Roserade\n|-boost|p2a: Roserade|spa|2\n|move|p1a: Blissey|Seismic Toss|p2a: Roserade\n|-damage|p2a: Roserade|22/100\n|\n|-weather|none\n|-heal|p1a: Blissey|85/100 psn|[from] item: Leftovers\n|-damage|p1a: Blissey|73/100 psn|[from] psn\n|-end|p1a: Blissey|move: Taunt\n|upkeep\n|turn|11\n|\n|t:|1789674649\n|move|p2a: Roserade|Thorned Bouquet|p1a: Blissey\n|-damage|p1a: Blissey|54/100 psn\n|-heal|p2a: Roserade|44/100|[from] drain|[of] p1a: Blissey\n|move|p1a: Blissey|Seismic Toss|p2a: Roserade\n|-damage|p2a: Roserade|9/100\n|\n|-heal|p1a: Blissey|60/100 psn|[from] item: Leftovers\n|-damage|p1a: Blissey|48/100 psn|[from] psn\n|upkeep\n|turn|12\n|\n|t:|1789674653\n|move|p2a: Roserade|Thorned Bouquet|p1a: Blissey\n|-damage|p1a: Blissey|31/100 psn\n|-heal|p2a: Roserade|29/100|[from] drain|[of] p1a: Blissey\n|move|p1a: Blissey|Seismic Toss|p2a: Roserade\n|-damage|p2a: Roserade|0 fnt\n|faint|p2a: Roserade\n|\n|-heal|p1a: Blissey|37/100 psn|[from] item: Leftovers\n|-damage|p1a: Blissey|24/100 psn|[from] psn\n|upkeep\n|\n|t:|1789674656\n|switch|p2a: Togekiss|Togekiss|100/100\n|turn|13\n|\n|t:|1789674658\n|switch|p1a: Togekiss|Togekiss|100/100\n|move|p2a: Togekiss|Air Slash|p1a: Togekiss\n|-damage|p1a: Togekiss|72/100\n|\n|upkeep\n|turn|14\n|\n|t:|1789674660\n|move|p2a: Togekiss|Air Slash|p1a: Togekiss\n|-crit|p1a: Togekiss\n|-damage|p1a: Togekiss|26/100\n|cant|p1a: Togekiss|flinch\n|\n|upkeep\n|turn|15\n|\n|t:|1789674663\n|switch|p1a: Zapdos|Zapdos|100/100\n|move|p2a: Togekiss|Air Slash|p1a: Zapdos\n|-resisted|p1a: Zapdos\n|-damage|p1a: Zapdos|83/100\n|\n|upkeep\n|turn|16\n|\n|t:|1789674666\n|-start|p2a: Togekiss|Dynamax|\n|-heal|p2a: Togekiss|100/100|[silent]\n|move|p2a: Togekiss|Max Starfall|p1a: Zapdos\n|-damage|p1a: Zapdos|22/100\n|-fieldstart|move: Misty Terrain\n|move|p1a: Zapdos|Volt Switch|p2a: Togekiss\n|-supereffective|p2a: Togekiss\n|-damage|p2a: Togekiss|73/100\n|\n|t:|1789674666\n|switch|p1a: Spiritomb|Spiritomb|100/100|[from] Volt Switch\n|-damage|p1a: Spiritomb|88/100|[from] Stealth Rock\n|\n|-heal|p1a: Spiritomb|94/100|[from] item: Leftovers\n|upkeep\n|turn|17\n|\n|t:|1789674675\n|move|p2a: Togekiss|Max Starfall|p1a: Spiritomb\n|-supereffective|p1a: Spiritomb\n|-damage|p1a: Spiritomb|22/100\n|move|p1a: Spiritomb|Soul Toll|p2a: Togekiss\n|-damage|p2a: Togekiss|59/100\n|\n|-heal|p1a: Spiritomb|28/100|[from] item: Leftovers\n|upkeep\n|turn|18\n|\n|t:|1789674679\n|move|p2a: Togekiss|Max Starfall|p1a: Spiritomb\n|-supereffective|p1a: Spiritomb\n|-ability|p1a: Spiritomb|Keystone Legion\n|-message|The spirits of the keystone shield Spiritomb!\n|-start|p2a: Togekiss|Curse|[of] p1a: Spiritomb\n|-damage|p1a: Spiritomb|1/100\n|move|p1a: Spiritomb|Soul Toll|p2a: Togekiss\n|-damage|p2a: Togekiss|33/100\n|-heal|p1a: Spiritomb|22/100|[from] drain|[of] p2a: Togekiss\n|\n|-heal|p1a: Spiritomb|28/100|[from] item: Leftovers\n|-damage|p2a: Togekiss|21/100|[from] Curse\n|upkeep\n|-end|p2a: Togekiss|Dynamax\n|-heal|p2a: Togekiss|21/100|[silent]\n|turn|19\n|\n|t:|1789674682\n|move|p1a: Spiritomb|Soul Toll|p2a: Togekiss\n|-damage|p2a: Togekiss|0 fnt\n|-heal|p1a: Spiritomb|37/100|[from] drain|[of] p2a: Togekiss\n|faint|p2a: Togekiss\n|-message|A soul joins the legion. Spiritomb's keystone mends!\n|\n|-heal|p1a: Spiritomb|43/100|[from] item: Leftovers\n|upkeep\n|\n|t:|1789674686\n|switch|p2a: Glaceon|Glaceon|91/100\n|-weather|Snowscape|[from] ability: Diamond Dust|[of] p2a: Glaceon\n|turn|20\n|\n|t:|1789674688\n|move|p2a: Glaceon|Blizzard|p1a: Spiritomb\n|-ability|p1a: Spiritomb|Keystone Legion\n|-message|The spirits of the keystone shield Spiritomb!\n|-start|p2a: Glaceon|Curse|[of] p1a: Spiritomb\n|-damage|p1a: Spiritomb|1/100\n|-damage|p2a: Glaceon|81/100|[from] item: Life Orb\n|move|p1a: Spiritomb|Soul Toll|p2a: Glaceon\n|-damage|p2a: Glaceon|3/100\n|-heal|p1a: Spiritomb|29/100|[from] drain|[of] p2a: Glaceon\n|\n|-weather|Snowscape|[upkeep]\n|-heal|p1a: Spiritomb|35/100|[from] item: Leftovers\n|-damage|p2a: Glaceon|0 fnt|[from] Curse\n|faint|p2a: Glaceon\n|-message|A soul joins the legion. Spiritomb's keystone mends!\n|-fieldend|Misty Terrain\n|upkeep\n|\n|t:|1789674692\n|switch|p2a: Spiritomb|Spiritomb|81/100\n|turn|21\n|\n|t:|1789674693\n|move|p2a: Spiritomb|Soul Toll|p1a: Spiritomb\n|-damage|p1a: Spiritomb|17/100\n|move|p1a: Spiritomb|Soul Toll|p2a: Spiritomb\n|-damage|p2a: Spiritomb|64/100\n|\n|-weather|Snowscape|[upkeep]\n|-heal|p2a: Spiritomb|70/100|[from] item: Leftovers\n|-heal|p1a: Spiritomb|23/100|[from] item: Leftovers\n|upkeep\n|turn|22\n|\n|t:|1789674698\n|switch|p1a: Blissey|Blissey|24/100 psn\n|-damage|p1a: Blissey|12/100 psn|[from] Stealth Rock\n|move|p2a: Spiritomb|Strength Sap|p1a: Blissey\n|-unboost|p1a: Blissey|atk|1\n|-heal|p2a: Spiritomb|76/100\n|\n|-weather|Snowscape|[upkeep]\n|-heal|p1a: Blissey|18/100 psn|[from] item: Leftovers\n|-heal|p2a: Spiritomb|82/100|[from] item: Leftovers\n|-damage|p1a: Blissey|6/100 psn|[from] psn\n|upkeep\n|turn|23\n|\n|t:|1789674703\n|move|p1a: Blissey|Soft-Boiled|p1a: Blissey\n|-heal|p1a: Blissey|56/100 psn\n|move|p2a: Spiritomb|Soul Toll|p1a: Blissey\n|-immune|p1a: Blissey\n|\n|-weather|Snowscape|[upkeep]\n|-heal|p1a: Blissey|62/100 psn|[from] item: Leftovers\n|-heal|p2a: Spiritomb|88/100|[from] item: Leftovers\n|-damage|p1a: Blissey|49/100 psn|[from] psn\n|upkeep\n|turn|24\n|\n|t:|1789674706\n|move|p1a: Blissey|Calm Mind|p1a: Blissey\n|-boost|p1a: Blissey|spa|1\n|-boost|p1a: Blissey|spd|1\n|move|p2a: Spiritomb|Parting Shot|p1a: Blissey\n|-unboost|p1a: Blissey|atk|1\n|-unboost|p1a: Blissey|spa|1\n|\n|t:|1789674708\n|switch|p2a: Lucario|Lucario|100/100|[from] Parting Shot\n|\n|-weather|none\n|-heal|p1a: Blissey|56/100 psn|[from] item: Leftovers\n|-damage|p1a: Blissey|43/100 psn|[from] psn\n|upkeep\n|turn|25\n|\n|t:|1789674710\n|detailschange|p2a: Lucario|Lucario-Mega-Z\n|-mega|p2a: Lucario|Lucario|Lucarionite Z\n|move|p2a: Lucario|Nasty Plot|p2a: Lucario\n|-boost|p2a: Lucario|spa|2\n|move|p1a: Blissey|Flamethrower|p2a: Lucario\n|-supereffective|p2a: Lucario\n|-damage|p2a: Lucario|49/100\n|\n|-heal|p1a: Blissey|49/100 psn|[from] item: Leftovers\n|-damage|p1a: Blissey|37/100 psn|[from] psn\n|upkeep\n|turn|26\n|\n|t:|1789674713\n|switch|p1a: Spiritomb|Spiritomb|23/100\n|-damage|p1a: Spiritomb|11/100|[from] Stealth Rock\n|move|p2a: Lucario|Aura Sphere|p1a: Spiritomb\n|-immune|p1a: Spiritomb\n|\n|-heal|p1a: Spiritomb|17/100|[from] item: Leftovers\n|upkeep\n|turn|27\n|\n|t:|1789674718\n|move|p2a: Lucario|Flash Cannon|p1a: Spiritomb\n|-crit|p1a: Spiritomb\n|-ability|p1a: Spiritomb|Keystone Legion\n|-message|The spirits of the keystone shield Spiritomb!\n|-start|p2a: Lucario|Curse|[of] p1a: Spiritomb\n|-damage|p1a: Spiritomb|1/100\n|move|p1a: Spiritomb|Soul Toll|p2a: Lucario\n|-damage|p2a: Lucario|0 fnt\n|-heal|p1a: Spiritomb|19/100|[from] drain|[of] p2a: Lucario\n|faint|p2a: Lucario\n|-message|A soul joins the legion. Spiritomb's keystone mends!\n|detailschange|p2: Lucario|Lucario|[silent]\n|\n|-heal|p1a: Spiritomb|25/100|[from] item: Leftovers\n|upkeep\n|\n|t:|1789674720\n|switch|p2a: Spiritomb|Spiritomb|88/100\n|turn|28\n|\n|t:|1789674723\n|move|p1a: Spiritomb|Soul Toll|p2a: Spiritomb\n|-damage|p2a: Spiritomb|72/100\n|move|p2a: Spiritomb|Will-O-Wisp|p1a: Spiritomb\n|-status|p1a: Spiritomb|brn\n|\n|-heal|p1a: Spiritomb|32/100 brn|[from] item: Leftovers\n|-heal|p2a: Spiritomb|79/100|[from] item: Leftovers\n|-damage|p1a: Spiritomb|25/100 brn|[from] brn\n|upkeep\n|turn|29\n|\n|t:|1789674727\n|switch|p1a: Blissey|Blissey|37/100 psn\n|-damage|p1a: Blissey|24/100 psn|[from] Stealth Rock\n|move|p2a: Spiritomb|Soul Toll|p1a: Blissey\n|-immune|p1a: Blissey\n|\n|-heal|p1a: Blissey|31/100 psn|[from] item: Leftovers\n|-heal|p2a: Spiritomb|85/100|[from] item: Leftovers\n|-damage|p1a: Blissey|18/100 psn|[from] psn\n|upkeep\n|turn|30\n|\n|t:|1789674730\n|move|p1a: Blissey|Soft-Boiled|p1a: Blissey\n|-heal|p1a: Blissey|68/100 psn\n|move|p2a: Spiritomb|Parting Shot|p1a: Blissey\n|-unboost|p1a: Blissey|atk|1\n|-unboost|p1a: Blissey|spa|1\n|\n|-heal|p1a: Blissey|74/100 psn|[from] item: Leftovers\n|-heal|p2a: Spiritomb|91/100|[from] item: Leftovers\n|-damage|p1a: Blissey|62/100 psn|[from] psn\n|upkeep\n|turn|31\n|\n|t:|1789674732\n|move|p1a: Blissey|Calm Mind|p1a: Blissey\n|-boost|p1a: Blissey|spa|1\n|-boost|p1a: Blissey|spd|1\n|move|p2a: Spiritomb|Parting Shot|p1a: Blissey\n|-unboost|p1a: Blissey|atk|1\n|-unboost|p1a: Blissey|spa|1\n|\n|-heal|p1a: Blissey|68/100 psn|[from] item: Leftovers\n|-heal|p2a: Spiritomb|97/100|[from] item: Leftovers\n|-damage|p1a: Blissey|56/100 psn|[from] psn\n|upkeep\n|turn|32\n|\n|t:|1789674735\n|move|p1a: Blissey|Calm Mind|p1a: Blissey\n|-boost|p1a: Blissey|spa|1\n|-boost|p1a: Blissey|spd|1\n|move|p2a: Spiritomb|Parting Shot|p1a: Blissey\n|-unboost|p1a: Blissey|atk|1\n|-unboost|p1a: Blissey|spa|1\n|\n|-heal|p1a: Blissey|62/100 psn|[from] item: Leftovers\n|-heal|p2a: Spiritomb|100/100|[from] item: Leftovers\n|-damage|p1a: Blissey|49/100 psn|[from] psn\n|upkeep\n|turn|33\n|\n|t:|1789674737\n|move|p1a: Blissey|Calm Mind|p1a: Blissey\n|-boost|p1a: Blissey|spa|1\n|-boost|p1a: Blissey|spd|1\n|move|p2a: Spiritomb|Parting Shot|p1a: Blissey\n|-unboost|p1a: Blissey|atk|1\n|-unboost|p1a: Blissey|spa|1\n|\n|-heal|p1a: Blissey|55/100 psn|[from] item: Leftovers\n|-damage|p1a: Blissey|43/100 psn|[from] psn\n|upkeep\n|turn|34\n|\n|t:|1789674739\n|move|p1a: Blissey|Calm Mind|p1a: Blissey\n|-boost|p1a: Blissey|spa|1\n|-boost|p1a: Blissey|spd|1\n|move|p2a: Spiritomb|Parting Shot|p1a: Blissey\n|-unboost|p1a: Blissey|atk|1\n|-unboost|p1a: Blissey|spa|1\n|\n|-heal|p1a: Blissey|49/100 psn|[from] item: Leftovers\n|-damage|p1a: Blissey|37/100 psn|[from] psn\n|upkeep\n|turn|35\n|\n|t:|1789674741\n|move|p1a: Blissey|Calm Mind|p1a: Blissey\n|-boost|p1a: Blissey|spa|1\n|-boost|p1a: Blissey|spd|1\n|move|p2a: Spiritomb|Parting Shot|p1a: Blissey\n|-unboost|p1a: Blissey|atk|1\n|-unboost|p1a: Blissey|spa|1\n|\n|-heal|p1a: Blissey|43/100 psn|[from] item: Leftovers\n|-damage|p1a: Blissey|30/100 psn|[from] psn\n|upkeep\n|turn|36\n|\n|t:|1789674744\n|move|p1a: Blissey|Soft-Boiled|p1a: Blissey\n|-heal|p1a: Blissey|80/100 psn\n|move|p2a: Spiritomb|Soul Toll|p1a: Blissey\n|-immune|p1a: Blissey\n|\n|-heal|p1a: Blissey|87/100 psn|[from] item: Leftovers\n|-damage|p1a: Blissey|74/100 psn|[from] psn\n|upkeep\n|turn|37\n|\n|t:|1789674746\n|move|p1a: Blissey|Calm Mind|p1a: Blissey\n|-boost|p1a: Blissey|spa|1\n|-boost|p1a: Blissey|spd|1\n|move|p2a: Spiritomb|Soul Toll|p1a: Blissey\n|-immune|p1a: Blissey\n|\n|-heal|p1a: Blissey|80/100 psn|[from] item: Leftovers\n|-damage|p1a: Blissey|68/100 psn|[from] psn\n|upkeep\n|turn|38\n|\n|t:|1789674748\n|move|p1a: Blissey|Calm Mind|p1a: Blissey\n|-boost|p1a: Blissey|spa|1\n|-boost|p1a: Blissey|spd|0\n|move|p2a: Spiritomb|Soul Toll|p1a: Blissey\n|-immune|p1a: Blissey\n|\n|-heal|p1a: Blissey|74/100 psn|[from] item: Leftovers\n|-damage|p1a: Blissey|62/100 psn|[from] psn\n|upkeep\n|turn|39\n|\n|t:|1789674752\n|move|p1a: Blissey|Calm Mind|p1a: Blissey\n|-boost|p1a: Blissey|spa|1\n|-boost|p1a: Blissey|spd|0\n|move|p2a: Spiritomb|Parting Shot|p1a: Blissey\n|-unboost|p1a: Blissey|atk|0\n|-unboost|p1a: Blissey|spa|1\n|\n|-heal|p1a: Blissey|68/100 psn|[from] item: Leftovers\n|-damage|p1a: Blissey|55/100 psn|[from] psn\n|upkeep\n|turn|40\n|\n|t:|1789674754\n|move|p1a: Blissey|Calm Mind|p1a: Blissey\n|-boost|p1a: Blissey|spa|1\n|-boost|p1a: Blissey|spd|0\n|move|p2a: Spiritomb|Parting Shot|p1a: Blissey\n|-unboost|p1a: Blissey|atk|0\n|-unboost|p1a: Blissey|spa|1\n|\n|-heal|p1a: Blissey|61/100 psn|[from] item: Leftovers\n|-damage|p1a: Blissey|49/100 psn|[from] psn\n|upkeep\n|turn|41\n|\n|t:|1789674758\n|move|p1a: Blissey|Calm Mind|p1a: Blissey\n|-boost|p1a: Blissey|spa|1\n|-boost|p1a: Blissey|spd|0\n|move|p2a: Spiritomb|Parting Shot|p1a: Blissey\n|-unboost|p1a: Blissey|atk|0\n|-unboost|p1a: Blissey|spa|1\n|\n|-heal|p1a: Blissey|55/100 psn|[from] item: Leftovers\n|-damage|p1a: Blissey|43/100 psn|[from] psn\n|upkeep\n|turn|42\n|\n|t:|1789674759\n|move|p1a: Blissey|Calm Mind|p1a: Blissey\n|-boost|p1a: Blissey|spa|1\n|-boost|p1a: Blissey|spd|0\n|move|p2a: Spiritomb|Parting Shot|p1a: Blissey\n|-unboost|p1a: Blissey|atk|0\n|-unboost|p1a: Blissey|spa|1\n|\n|-heal|p1a: Blissey|49/100 psn|[from] item: Leftovers\n|-damage|p1a: Blissey|36/100 psn|[from] psn\n|upkeep\n|turn|43\n|\n|t:|1789674761\n|move|p1a: Blissey|Calm Mind|p1a: Blissey\n|-boost|p1a: Blissey|spa|1\n|-boost|p1a: Blissey|spd|0\n|move|p2a: Spiritomb|Parting Shot|p1a: Blissey\n|-unboost|p1a: Blissey|atk|0\n|-unboost|p1a: Blissey|spa|1\n|\n|-heal|p1a: Blissey|43/100 psn|[from] item: Leftovers\n|-damage|p1a: Blissey|30/100 psn|[from] psn\n|upkeep\n|turn|44\n|\n|t:|1789674762\n|move|p1a: Blissey|Calm Mind|p1a: Blissey\n|-boost|p1a: Blissey|spa|1\n|-boost|p1a: Blissey|spd|0\n|move|p2a: Spiritomb|Parting Shot|p1a: Blissey\n|-unboost|p1a: Blissey|atk|0\n|-unboost|p1a: Blissey|spa|1\n|\n|-heal|p1a: Blissey|36/100 psn|[from] item: Leftovers\n|-damage|p1a: Blissey|24/100 psn|[from] psn\n|upkeep\n|turn|45\n|\n|t:|1789674764\n|move|p1a: Blissey|Soft-Boiled|p1a: Blissey\n|-heal|p1a: Blissey|74/100 psn\n|move|p2a: Spiritomb|Parting Shot|p1a: Blissey\n|-unboost|p1a: Blissey|atk|0\n|-unboost|p1a: Blissey|spa|1\n|\n|-heal|p1a: Blissey|80/100 psn|[from] item: Leftovers\n|-damage|p1a: Blissey|68/100 psn|[from] psn\n|upkeep\n|turn|46\n|\n|t:|1789674765\n|move|p1a: Blissey|Calm Mind|p1a: Blissey\n|-boost|p1a: Blissey|spa|1\n|-boost|p1a: Blissey|spd|0\n|move|p2a: Spiritomb|Parting Shot|p1a: Blissey\n|-unboost|p1a: Blissey|atk|0\n|-unboost|p1a: Blissey|spa|1\n|\n|-heal|p1a: Blissey|74/100 psn|[from] item: Leftovers\n|-damage|p1a: Blissey|61/100 psn|[from] psn\n|upkeep\n|turn|47\n|\n|t:|1789674766\n|move|p1a: Blissey|Calm Mind|p1a: Blissey\n|-boost|p1a: Blissey|spa|1\n|-boost|p1a: Blissey|spd|0\n|move|p2a: Spiritomb|Parting Shot|p1a: Blissey\n|-unboost|p1a: Blissey|atk|0\n|-unboost|p1a: Blissey|spa|1\n|\n|-heal|p1a: Blissey|67/100 psn|[from] item: Leftovers\n|-damage|p1a: Blissey|55/100 psn|[from] psn\n|upkeep\n|turn|48\n|\n|t:|1789674767\n|move|p1a: Blissey|Calm Mind|p1a: Blissey\n|-boost|p1a: Blissey|spa|1\n|-boost|p1a: Blissey|spd|0\n|move|p2a: Spiritomb|Parting Shot|p1a: Blissey\n|-unboost|p1a: Blissey|atk|0\n|-unboost|p1a: Blissey|spa|1\n|\n|-heal|p1a: Blissey|61/100 psn|[from] item: Leftovers\n|-damage|p1a: Blissey|49/100 psn|[from] psn\n|upkeep\n|turn|49\n|\n|t:|1789674769\n|move|p1a: Blissey|Calm Mind|p1a: Blissey\n|-boost|p1a: Blissey|spa|1\n|-boost|p1a: Blissey|spd|0\n|move|p2a: Spiritomb|Parting Shot|p1a: Blissey\n|-unboost|p1a: Blissey|atk|0\n|-unboost|p1a: Blissey|spa|1\n|\n|-heal|p1a: Blissey|55/100 psn|[from] item: Leftovers\n|-damage|p1a: Blissey|42/100 psn|[from] psn\n|upkeep\n|turn|50\n|\n|t:|1789674770\n|move|p1a: Blissey|Calm Mind|p1a: Blissey\n|-boost|p1a: Blissey|spa|1\n|-boost|p1a: Blissey|spd|0\n|move|p2a: Spiritomb|Parting Shot|p1a: Blissey\n|-unboost|p1a: Blissey|atk|0\n|-unboost|p1a: Blissey|spa|1\n|\n|-heal|p1a: Blissey|49/100 psn|[from] item: Leftovers\n|-damage|p1a: Blissey|36/100 psn|[from] psn\n|upkeep\n|turn|51\n|\n|t:|1789674771\n|move|p1a: Blissey|Calm Mind|p1a: Blissey\n|-boost|p1a: Blissey|spa|1\n|-boost|p1a: Blissey|spd|0\n|move|p2a: Spiritomb|Parting Shot|p1a: Blissey\n|-unboost|p1a: Blissey|atk|0\n|-unboost|p1a: Blissey|spa|1\n|\n|-heal|p1a: Blissey|42/100 psn|[from] item: Leftovers\n|-damage|p1a: Blissey|30/100 psn|[from] psn\n|upkeep\n|turn|52\n|\n|t:|1789674772\n|move|p1a: Blissey|Calm Mind|p1a: Blissey\n|-boost|p1a: Blissey|spa|1\n|-boost|p1a: Blissey|spd|0\n|move|p2a: Spiritomb|Parting Shot|p1a: Blissey\n|-unboost|p1a: Blissey|atk|0\n|-unboost|p1a: Blissey|spa|1\n|\n|-heal|p1a: Blissey|36/100 psn|[from] item: Leftovers\n|-damage|p1a: Blissey|24/100 psn|[from] psn\n|upkeep\n|turn|53\n|\n|t:|1789674774\n|move|p1a: Blissey|Soft-Boiled|p1a: Blissey\n|-heal|p1a: Blissey|74/100 psn\n|move|p2a: Spiritomb|Parting Shot|p1a: Blissey\n|-unboost|p1a: Blissey|atk|0\n|-unboost|p1a: Blissey|spa|1\n|\n|-heal|p1a: Blissey|80/100 psn|[from] item: Leftovers\n|-damage|p1a: Blissey|67/100 psn|[from] psn\n|upkeep\n|turn|54\n|\n|t:|1789674777\n|move|p1a: Blissey|Calm Mind|p1a: Blissey\n|-boost|p1a: Blissey|spa|1\n|-boost|p1a: Blissey|spd|0\n|move|p2a: Spiritomb|Parting Shot|p1a: Blissey\n|-unboost|p1a: Blissey|atk|0\n|-unboost|p1a: Blissey|spa|1\n|\n|-heal|p1a: Blissey|73/100 psn|[from] item: Leftovers\n|-damage|p1a: Blissey|61/100 psn|[from] psn\n|upkeep\n|turn|55\n|\n|t:|1789674779\n|move|p1a: Blissey|Calm Mind|p1a: Blissey\n|-boost|p1a: Blissey|spa|1\n|-boost|p1a: Blissey|spd|0\n|move|p2a: Spiritomb|Parting Shot|p1a: Blissey\n|-unboost|p1a: Blissey|atk|0\n|-unboost|p1a: Blissey|spa|1\n|\n|-heal|p1a: Blissey|67/100 psn|[from] item: Leftovers\n|-damage|p1a: Blissey|55/100 psn|[from] psn\n|upkeep\n|turn|56\n|\n|t:|1789674780\n|move|p1a: Blissey|Calm Mind|p1a: Blissey\n|-boost|p1a: Blissey|spa|1\n|-boost|p1a: Blissey|spd|0\n|move|p2a: Spiritomb|Will-O-Wisp|p1a: Blissey|[miss]\n|-miss|p2a: Spiritomb|p1a: Blissey\n|\n|-heal|p1a: Blissey|61/100 psn|[from] item: Leftovers\n|-damage|p1a: Blissey|48/100 psn|[from] psn\n|upkeep\n|turn|57\n|\n|t:|1789674782\n|move|p1a: Blissey|Calm Mind|p1a: Blissey\n|-boost|p1a: Blissey|spa|1\n|-boost|p1a: Blissey|spd|0\n|move|p2a: Spiritomb|Parting Shot|p1a: Blissey\n|-unboost|p1a: Blissey|atk|0\n|-unboost|p1a: Blissey|spa|1\n|\n|-heal|p1a: Blissey|54/100 psn|[from] item: Leftovers\n|-damage|p1a: Blissey|42/100 psn|[from] psn\n|upkeep\n|turn|58\n|\n|t:|1789674783\n|move|p1a: Blissey|Calm Mind|p1a: Blissey\n|-boost|p1a: Blissey|spa|1\n|-boost|p1a: Blissey|spd|0\n|move|p2a: Spiritomb|Parting Shot|p1a: Blissey\n|-unboost|p1a: Blissey|atk|0\n|-unboost|p1a: Blissey|spa|1\n|\n|-heal|p1a: Blissey|48/100 psn|[from] item: Leftovers\n|-damage|p1a: Blissey|36/100 psn|[from] psn\n|upkeep\n|turn|59\n|\n|t:|1789674784\n|move|p1a: Blissey|Calm Mind|p1a: Blissey\n|-boost|p1a: Blissey|spa|1\n|-boost|p1a: Blissey|spd|0\n|move|p2a: Spiritomb|Parting Shot|p1a: Blissey\n|-unboost|p1a: Blissey|atk|0\n|-unboost|p1a: Blissey|spa|1\n|\n|-heal|p1a: Blissey|42/100 psn|[from] item: Leftovers\n|-damage|p1a: Blissey|29/100 psn|[from] psn\n|upkeep\n|turn|60\n|\n|t:|1789674785\n|move|p1a: Blissey|Calm Mind|p1a: Blissey\n|-boost|p1a: Blissey|spa|1\n|-boost|p1a: Blissey|spd|0\n|move|p2a: Spiritomb|Parting Shot|p1a: Blissey\n|-unboost|p1a: Blissey|atk|0\n|-unboost|p1a: Blissey|spa|1\n|\n|-heal|p1a: Blissey|36/100 psn|[from] item: Leftovers\n|-damage|p1a: Blissey|23/100 psn|[from] psn\n|upkeep\n|turn|61\n|\n|t:|1789674786\n|move|p1a: Blissey|Soft-Boiled|p1a: Blissey\n|-heal|p1a: Blissey|73/100 psn\n|move|p2a: Spiritomb|Parting Shot|p1a: Blissey\n|-unboost|p1a: Blissey|atk|0\n|-unboost|p1a: Blissey|spa|1\n|\n|-heal|p1a: Blissey|79/100 psn|[from] item: Leftovers\n|-damage|p1a: Blissey|67/100 psn|[from] psn\n|upkeep\n|turn|62\n|\n|t:|1789674787\n|move|p1a: Blissey|Calm Mind|p1a: Blissey\n|-boost|p1a: Blissey|spa|1\n|-boost|p1a: Blissey|spd|0\n|move|p2a: Spiritomb|Parting Shot|p1a: Blissey\n|-unboost|p1a: Blissey|atk|0\n|-unboost|p1a: Blissey|spa|1\n|\n|-heal|p1a: Blissey|73/100 psn|[from] item: Leftovers\n|-damage|p1a: Blissey|61/100 psn|[from] psn\n|upkeep\n|turn|63\n|\n|t:|1789674788\n|move|p1a: Blissey|Calm Mind|p1a: Blissey\n|-boost|p1a: Blissey|spa|1\n|-boost|p1a: Blissey|spd|0\n|move|p2a: Spiritomb|Parting Shot|p1a: Blissey\n|-unboost|p1a: Blissey|atk|0\n|-unboost|p1a: Blissey|spa|1\n|\n|-heal|p1a: Blissey|67/100 psn|[from] item: Leftovers\n|-damage|p1a: Blissey|54/100 psn|[from] psn\n|upkeep\n|turn|64\n|\n|t:|1789674791\n|move|p1a: Blissey|Calm Mind|p1a: Blissey\n|-boost|p1a: Blissey|spa|1\n|-boost|p1a: Blissey|spd|0\n|move|p2a: Spiritomb|Will-O-Wisp||[still]\n|-fail|p2a: Spiritomb\n|\n|-heal|p1a: Blissey|60/100 psn|[from] item: Leftovers\n|-damage|p1a: Blissey|48/100 psn|[from] psn\n|upkeep\n|turn|65\n|\n|t:|1789674792\n|move|p1a: Blissey|Flamethrower|p2a: Spiritomb\n|-damage|p2a: Spiritomb|91/100\n|move|p2a: Spiritomb|Will-O-Wisp||[still]\n|-fail|p2a: Spiritomb\n|\n|-heal|p1a: Blissey|54/100 psn|[from] item: Leftovers\n|-heal|p2a: Spiritomb|97/100|[from] item: Leftovers\n|-damage|p1a: Blissey|42/100 psn|[from] psn\n|upkeep\n|turn|66\n|\n|t:|1789674794\n|move|p1a: Blissey|Soft-Boiled|p1a: Blissey\n|-heal|p1a: Blissey|92/100 psn\n|move|p2a: Spiritomb|Will-O-Wisp||[still]\n|-fail|p2a: Spiritomb\n|\n|-heal|p1a: Blissey|98/100 psn|[from] item: Leftovers\n|-heal|p2a: Spiritomb|100/100|[from] item: Leftovers\n|-damage|p1a: Blissey|85/100 psn|[from] psn\n|upkeep\n|turn|67\n|\n|t:|1789674795\n|move|p1a: Blissey|Flamethrower|p2a: Spiritomb\n|-damage|p2a: Spiritomb|91/100\n|move|p2a: Spiritomb|Will-O-Wisp||[still]\n|-fail|p2a: Spiritomb\n|\n|-heal|p1a: Blissey|92/100 psn|[from] item: Leftovers\n|-heal|p2a: Spiritomb|97/100|[from] item: Leftovers\n|-damage|p1a: Blissey|79/100 psn|[from] psn\n|upkeep\n|turn|68\n|\n|t:|1789674797\n|move|p1a: Blissey|Flamethrower|p2a: Spiritomb\n|-crit|p2a: Spiritomb\n|-damage|p2a: Spiritomb|83/100\n|move|p2a: Spiritomb|Will-O-Wisp||[still]\n|-fail|p2a: Spiritomb\n|\n|-heal|p1a: Blissey|85/100 psn|[from] item: Leftovers\n|-heal|p2a: Spiritomb|89/100|[from] item: Leftovers\n|-damage|p1a: Blissey|73/100 psn|[from] psn\n|upkeep\n|turn|69\n|\n|t:|1789674798\n|move|p1a: Blissey|Flamethrower|p2a: Spiritomb\n|-damage|p2a: Spiritomb|79/100\n|move|p2a: Spiritomb|Will-O-Wisp||[still]\n|-fail|p2a: Spiritomb\n|\n|-heal|p1a: Blissey|79/100 psn|[from] item: Leftovers\n|-heal|p2a: Spiritomb|85/100|[from] item: Leftovers\n|-damage|p1a: Blissey|67/100 psn|[from] psn\n|upkeep\n|turn|70\n|\n|t:|1789674800\n|move|p1a: Blissey|Flamethrower|p2a: Spiritomb\n|-damage|p2a: Spiritomb|75/100\n|move|p2a: Spiritomb|Will-O-Wisp||[still]\n|-fail|p2a: Spiritomb\n|\n|-heal|p1a: Blissey|73/100 psn|[from] item: Leftovers\n|-heal|p2a: Spiritomb|81/100|[from] item: Leftovers\n|-damage|p1a: Blissey|60/100 psn|[from] psn\n|upkeep\n|turn|71\n|\n|t:|1789674801\n|move|p1a: Blissey|Flamethrower|p2a: Spiritomb\n|-damage|p2a: Spiritomb|72/100\n|move|p2a: Spiritomb|Will-O-Wisp||[still]\n|-fail|p2a: Spiritomb\n|\n|-heal|p1a: Blissey|66/100 psn|[from] item: Leftovers\n|-heal|p2a: Spiritomb|78/100|[from] item: Leftovers\n|-damage|p1a: Blissey|54/100 psn|[from] psn\n|upkeep\n|turn|72\n|\n|t:|1789674804\n|move|p1a: Blissey|Flamethrower|p2a: Spiritomb\n|-crit|p2a: Spiritomb\n|-damage|p2a: Spiritomb|63/100\n|move|p2a: Spiritomb|Will-O-Wisp||[still]\n|-fail|p2a: Spiritomb\n|\n|-heal|p1a: Blissey|60/100 psn|[from] item: Leftovers\n|-heal|p2a: Spiritomb|69/100|[from] item: Leftovers\n|-damage|p1a: Blissey|48/100 psn|[from] psn\n|upkeep\n|turn|73\n|\n|t:|1789674805\n|move|p1a: Blissey|Flamethrower|p2a: Spiritomb\n|-damage|p2a: Spiritomb|60/100\n|move|p2a: Spiritomb|Will-O-Wisp||[still]\n|-fail|p2a: Spiritomb\n|\n|-heal|p1a: Blissey|54/100 psn|[from] item: Leftovers\n|-heal|p2a: Spiritomb|66/100|[from] item: Leftovers\n|-damage|p1a: Blissey|41/100 psn|[from] psn\n|upkeep\n|turn|74\n|\n|t:|1789674806\n|move|p1a: Blissey|Flamethrower|p2a: Spiritomb\n|-damage|p2a: Spiritomb|56/100\n|move|p2a: Spiritomb|Will-O-Wisp||[still]\n|-fail|p2a: Spiritomb\n|\n|-heal|p1a: Blissey|48/100 psn|[from] item: Leftovers\n|-heal|p2a: Spiritomb|62/100|[from] item: Leftovers\n|-damage|p1a: Blissey|35/100 psn|[from] psn\n|upkeep\n|turn|75\n|\n|t:|1789674807\n|move|p1a: Blissey|Soft-Boiled|p1a: Blissey\n|-heal|p1a: Blissey|85/100 psn\n|move|p2a: Spiritomb|Will-O-Wisp||[still]\n|-fail|p2a: Spiritomb\n|\n|-heal|p1a: Blissey|91/100 psn|[from] item: Leftovers\n|-heal|p2a: Spiritomb|68/100|[from] item: Leftovers\n|-damage|p1a: Blissey|79/100 psn|[from] psn\n|upkeep\n|turn|76\n|\n|t:|1789674809\n|move|p1a: Blissey|Flamethrower|p2a: Spiritomb\n|-damage|p2a: Spiritomb|59/100\n|move|p2a: Spiritomb|Will-O-Wisp||[still]\n|-fail|p2a: Spiritomb\n|\n|-heal|p1a: Blissey|85/100 psn|[from] item: Leftovers\n|-heal|p2a: Spiritomb|65/100|[from] item: Leftovers\n|-damage|p1a: Blissey|73/100 psn|[from] psn\n|upkeep\n|turn|77\n|-message|SlimeQueenSamantha forfeited.\n|\n|win|Bunny Stockfish\n",
	"inputlog": ">start {\"formatid\":\"gen9rpou\",\"seed\":\"sodium,9602c1d135644a1db11c3541455e2a2f\",\"rated\":\"Rated battle\"}\n>player p1 {\"name\":\"Bunny Stockfish\",\"avatar\":\"bunny.png\",\"team\":\"Simipour||ElementalBanana|TidalSurge|TorrentRush,Uturn,KnockOff,Liquidation|Jolly|,252,,,4,252|N||||,,,,,Water]Zamazenta||Leftovers|DauntlessShield|IronDefense,BodyPress,Crunch,Roar|Jolly|252,,88,,,168|N||||,,,,,Dark]Zapdos||HeavyDutyBoots|Static|Hurricane,VoltSwitch,ThunderWave,Roost|Bold|248,,252,8,,|N|,0,,,,|||,,,,,Steel]Togekiss||HeavyDutyBoots|SereneGrace|AirSlash,NastyPlot,Roost,AuraSphere|Modest|252,,,252,4,|N||||,,,,,Fairy]Blissey||Leftovers|SereneGrace|SoftBoiled,CalmMind,SeismicToss,Flamethrower|Calm|4,,252,,252,|N|,0,,,,|||,,,,,Water]Spiritomb||Leftovers|KeystoneLegion|SoulToll,CarrionFeast,WillOWisp,PartingShot|Calm|252,,4,,252,|N||||,,,,,Fairy\",\"rating\":1381}\n>player p2 {\"name\":\"SlimeQueenSamantha\",\"avatar\":\"queen.png\",\"team\":\"Spiritomb||Leftovers|KeystoneLegion|SoulToll,StrengthSap,PartingShot,WillOWisp|Calm|252,,4,,252,|N||||,,,,,Fairy]Glaceon||LifeOrb|DiamondDust|Blizzard,FreezeDry,AuroraVeil,EarthPower|Modest|,,4,252,,252|N|,0,,,,|||,,,,,Ice]Garchomp||RockyHelmet|RoughSkin|Earthquake,DragonTail,StealthRock,Spikes|Impish|252,,216,,,40|N||||,,,,,Ghost]Roserade||HeavyDutyBoots|Masquerade|ThornedBouquet,Oxidize,NastyPlot,MortalSpin|Timid|,,,252,4,252|N||||,,,,,Water]Togekiss||ChoiceScarf|SereneGrace|AirSlash,Uturn,AlluringVoice,Flamethrower|Timid|,,,252,4,252|N||||,,,,,Flying]Lucario||LucarioniteZ|Steadfast|NastyPlot,AuraSphere,FlashCannon,HiddenPowerIce|Timid|,,,252,,252|N|,0,,,,|||,Ice,,,,Ghost\",\"rating\":1586}\n>chat ☆Bunny Stockfish|Good luck! Playing on **stockfish**.\n>p1 team 1, 2, 4, 3, 5, 6\n>p2 team 3, 2, 1, 4, 5, 6\n>p1 move liquidation terastallize\n>p2 move earthquake\n>p1 switch 2\n>p1 move bodypress\n>p2 move stealthrock\n>p1 move bodypress\n>p2 move spikes\n>p2 switch 2\n>p1 move bodypress\n>p2 move blizzard\n>p1 switch 5\n>p1 move calmmind\n>p2 move auroraveil\n>p1 move flamethrower dynamax\n>p2 switch 3\n>p1 move flamethrower dynamax\n>p2 move partingshot\n>p2 switch 4\n>p1 move flamethrower dynamax\n>p2 move thornedbouquet terastallize\n>p1 move seismictoss\n>p2 move oxidize\n>p1 move seismictoss\n>p2 move nastyplot\n>p1 move seismictoss\n>p2 move thornedbouquet\n>p1 move seismictoss\n>p2 move thornedbouquet\n>p2 switch 5\n>p1 switch 3\n>p2 move airslash\n>p1 move nastyplot\n>p2 move airslash\n>p1 switch 4\n>p2 move airslash\n>p1 move voltswitch\n>p2 move alluringvoice dynamax\n>p1 switch 6\n>p1 move soultoll\n>p2 move alluringvoice dynamax\n>p1 move soultoll\n>p2 move alluringvoice dynamax\n>p1 move soultoll\n>p2 move airslash\n>p2 switch 3\n>p1 move soultoll\n>p2 move blizzard\n>p2 switch 4\n>p1 move soultoll\n>p2 move soultoll\n>p1 switch 3\n>p2 move strengthsap\n>p1 move softboiled\n>p2 move soultoll\n>p1 move calmmind\n>p2 move partingshot\n>p2 switch 6\n>p1 move flamethrower\n>p2 move nastyplot mega\n>p1 switch 3\n>p2 move aurasphere\n>p1 move soultoll\n>p2 move flashcannon\n>p2 switch 6\n>p1 move soultoll\n>p2 move willowisp\n>p1 switch 3\n>p2 move soultoll\n>p1 move softboiled\n>p2 move partingshot\n>p1 move calmmind\n>p2 move partingshot\n>p1 move calmmind\n>p2 move partingshot\n>p1 move calmmind\n>p2 move partingshot\n>p1 move calmmind\n>p2 move partingshot\n>p1 move calmmind\n>p2 move partingshot\n>p1 move softboiled\n>p2 move soultoll\n>p1 move calmmind\n>p2 move soultoll\n>p1 move calmmind\n>p2 move soultoll\n>p1 move calmmind\n>p2 move partingshot\n>p1 move calmmind\n>p2 move partingshot\n>p1 move calmmind\n>p2 move partingshot\n>p1 move calmmind\n>p2 move partingshot\n>p1 move calmmind\n>p2 move partingshot\n>p1 move calmmind\n>p2 move partingshot\n>p1 move softboiled\n>p2 move partingshot\n>p1 move calmmind\n>p2 move partingshot\n>p1 move calmmind\n>p2 move partingshot\n>p1 move calmmind\n>p2 move partingshot\n>p1 move calmmind\n>p2 move partingshot\n>p1 move calmmind\n>p2 move partingshot\n>p1 move calmmind\n>p2 move partingshot\n>p1 move calmmind\n>p2 move partingshot\n>p1 move softboiled\n>p2 move partingshot\n>p1 move calmmind\n>p2 move partingshot\n>p1 move calmmind\n>p2 move partingshot\n>p1 move calmmind\n>p2 move willowisp\n>p1 move calmmind\n>p2 move partingshot\n>p1 move calmmind\n>p2 move partingshot\n>p1 move calmmind\n>p2 move partingshot\n>p1 move calmmind\n>p2 move partingshot\n>p1 move softboiled\n>p2 move partingshot\n>p1 move calmmind\n>p2 move partingshot\n>p1 move calmmind\n>p2 move partingshot\n>p1 move calmmind\n>p2 move willowisp\n>p1 move flamethrower\n>p2 move willowisp\n>p1 move softboiled\n>p2 move willowisp\n>p1 move flamethrower\n>p2 move willowisp\n>p1 move flamethrower\n>p2 move willowisp\n>p1 move flamethrower\n>p2 move willowisp\n>p1 move flamethrower\n>p2 move willowisp\n>p1 move flamethrower\n>p2 move willowisp\n>p1 move flamethrower\n>p2 move willowisp\n>p1 move flamethrower\n>p2 move willowisp\n>p1 move flamethrower\n>p2 move willowisp\n>p1 move softboiled\n>p2 move willowisp\n>p1 move flamethrower\n>p2 move willowisp\n>forcelose p2",
	"uploadtime": 1789674814
}