{
	"id": "gen9rpou-1-tm9p4h",
	"format": "[Gen 9] RP OU",
	"players": [
		"Bunny Stockfish",
		"SlimeQueenSamantha"
	],
	"rating": null,
	"log": "|j|☆Bunny Stockfish\n|j|☆SlimeQueenSamantha\n|t:|1790923781\n|gametype|singles\n|badge|p1|bronze|gen9rpou|3-3\n|badge|p2|gold|gen9rpou|1-1\n|player|p1|Bunny Stockfish|bunny.png|1332\n|player|p2|SlimeQueenSamantha|queen.png|1553\n|gen|9\n|tier|[Gen 9] RP OU\n|rated|\n|rule|HP Percentage Mod: HP is shown in percentages\n|rule|Endless Battle Clause: Forcing endless battles is banned\n|rule|Species Clause: Limit one of each Pokémon\n|rule|OHKO Clause: OHKO moves are banned\n|rule|Evasion Clause: Evasion abilities, items, and moves are banned\n|rule|Evasion Abilities Clause: Evasion abilities are banned\n|rule|Evasion Items Clause: Evasion items are banned\n|rule|Evasion Moves Clause: Evasion moves are banned\n|rule|Sleep Clause Mod: Limit one foe put to sleep\n|clearpoke\n|poke|p1|Togekiss|\n|poke|p1|Kingambit|\n|poke|p1|Ferrothorn|\n|poke|p1|Dragapult|\n|poke|p1|Sneasler|\n|poke|p1|Cinderace|\n|poke|p2|Dracozolt|\n|poke|p2|Excadrill|\n|poke|p2|Tyranitar|\n|poke|p2|Hippowdon|\n|poke|p2|Ferrothorn|\n|poke|p2|Dragapult|\n|teampreview\n|c|☆Bunny Stockfish|Good luck! Playing on **stockfish**.\n|\n|t:|1790923795\n|teamsize|p1|6\n|teamsize|p2|6\n|start\n|switch|p1a: Dragapult|Dragapult|100/100\n|switch|p2a: Dragapult|Dragapult|100/100\n|turn|1\n|\n|t:|1790923800\n|-start|p1a: Dragapult|Dynamax|\n|-heal|p1a: Dragapult|100/100|[silent]\n|move|p1a: Dragapult|Max Phantasm|p2a: Dragapult\n|-supereffective|p2a: Dragapult\n|-damage|p2a: Dragapult|0 fnt\n|faint|p2a: Dragapult\n|\n|upkeep\n|\n|t:|1790923807\n|switch|p2a: Tyranitar|Tyranitar|100/100\n|-weather|Sandstorm|[from] ability: Sand Stream|[of] p2a: Tyranitar\n|turn|2\n|\n|t:|1790923809\n|detailschange|p2a: Tyranitar|Tyranitar-Mega\n|-mega|p2a: Tyranitar|Tyranitar|Tyranitarite\n|move|p1a: Dragapult|Max Wyrmwind|p2a: Tyranitar\n|-damage|p2a: Tyranitar|66/100\n|-unboost|p2a: Tyranitar|atk|1\n|move|p2a: Tyranitar|Knock Off|p1a: Dragapult\n|-supereffective|p1a: Dragapult\n|-damage|p1a: Dragapult|42/100\n|-enditem|p1a: Dragapult|Choice Specs|[from] move: Knock Off|[of] p2a: Tyranitar\n|\n|-weather|Sandstorm|[upkeep]\n|-damage|p1a: Dragapult|39/100|[from] Sandstorm\n|upkeep\n|turn|3\n|\n|t:|1790923816\n|move|p2a: Tyranitar|Pursuit|p1a: Dragapult|[from] move: Pursuit\n|-supereffective|p1a: Dragapult\n|-damage|p1a: Dragapult|0 fnt\n|faint|p1a: Dragapult\n|-hint|A Pokemon can't switch between when it runs out of HP and when it faints\n|\n|-weather|Sandstorm|[upkeep]\n|upkeep\n|\n|t:|1790923816\n|switch|p1a: Sneasler|Sneasler|100/100\n|turn|4\n|\n|t:|1790923825\n|switch|p2a: Hippowdon|Hippowdon|100/100\n|move|p1a: Sneasler|Close Combat|p2a: Hippowdon\n|-damage|p2a: Hippowdon|48/100\n|-unboost|p1a: Sneasler|def|1\n|-unboost|p1a: Sneasler|spd|1\n|-damage|p1a: Sneasler|91/100|[from] item: Life Orb\n|\n|-weather|Sandstorm|[upkeep]\n|-damage|p1a: Sneasler|85/100|[from] Sandstorm\n|-heal|p2a: Hippowdon|54/100|[from] item: Leftovers\n|upkeep\n|turn|5\n|\n|t:|1790923893\n|switch|p1a: Kingambit|Kingambit|100/100\n|-activate|p1a: Kingambit|ability: Supreme Overlord\n|-start|p1a: Kingambit|fallen1|[silent]\n|-item|p1a: Kingambit|Air Balloon\n|move|p2a: Hippowdon|Slack Off|p2a: Hippowdon\n|-heal|p2a: Hippowdon|100/100\n|\n|-weather|Sandstorm|[upkeep]\n|upkeep\n|turn|6\n|\n|t:|1790923896\n|move|p1a: Kingambit|Swords Dance|p1a: Kingambit\n|-boost|p1a: Kingambit|atk|2\n|move|p2a: Hippowdon|Earthquake|p1a: Kingambit\n|-immune|p1a: Kingambit\n|\n|-weather|none\n|upkeep\n|turn|7\n|\n|t:|1790923899\n|move|p1a: Kingambit|Kowtow Cleave|p2a: Hippowdon\n|-damage|p2a: Hippowdon|24/100\n|move|p2a: Hippowdon|Stealth Rock|p1a: Kingambit\n|-sidestart|p1: Bunny Stockfish|move: Stealth Rock\n|\n|-heal|p2a: Hippowdon|30/100|[from] item: Leftovers\n|upkeep\n|turn|8\n|\n|t:|1790923903\n|move|p1a: Kingambit|Low Kick|p2a: Hippowdon\n|-damage|p2a: Hippowdon|0 fnt\n|faint|p2a: Hippowdon\n|\n|upkeep\n|\n|t:|1790923906\n|switch|p2a: Ferrothorn|Ferrothorn|100/100\n|turn|9\n|\n|t:|1790923911\n|move|p1a: Kingambit|Low Kick|p2a: Ferrothorn\n|-supereffective|p2a: Ferrothorn\n|-damage|p2a: Ferrothorn|0 fnt\n|-damage|p1a: Kingambit|88/100|[from] ability: Iron Barbs|[of] p2a: Ferrothorn\n|faint|p2a: Ferrothorn\n|\n|upkeep\n|\n|t:|1790923915\n|switch|p2a: Tyranitar|Tyranitar-Mega|66/100\n|-weather|Sandstorm|[from] ability: Sand Stream|[of] p2a: Tyranitar\n|turn|10\n|\n|t:|1790923922\n|switch|p2a: Dracozolt|Dracozolt|100/100\n|move|p1a: Kingambit|Low Kick|p2a: Dracozolt\n|-damage|p2a: Dracozolt|3/100\n|\n|-weather|Sandstorm|[upkeep]\n|upkeep\n|turn|11\n|\n|t:|1790923925\n|-terastallize|p1a: Kingambit|Ghost\n|move|p1a: Kingambit|Sucker Punch|p2a: Dracozolt\n|-damage|p2a: Dracozolt|0 fnt\n|faint|p2a: Dracozolt\n|\n|-weather|Sandstorm|[upkeep]\n|-damage|p1a: Kingambit|82/100|[from] Sandstorm\n|upkeep\n|\n|t:|1790923929\n|switch|p2a: Excadrill|Excadrill|100/100\n|turn|12\n|\n|t:|1790923932\n|-zpower|p2a: Excadrill\n|move|p2a: Excadrill|Corkscrew Crash|p1a: Kingambit|[zeffect]\n|-damage|p1a: Kingambit|21/100\n|-enditem|p1a: Kingambit|Air Balloon\n|move|p1a: Kingambit|Low Kick|p2a: Excadrill\n|-supereffective|p2a: Excadrill\n|-damage|p2a: Excadrill|0 fnt\n|faint|p2a: Excadrill\n|\n|-weather|Sandstorm|[upkeep]\n|-damage|p1a: Kingambit|15/100|[from] Sandstorm\n|upkeep\n|\n|t:|1790923938\n|switch|p2a: Tyranitar|Tyranitar-Mega|66/100\n|turn|13\n|\n|t:|1790923940\n|move|p2a: Tyranitar|Knock Off|p1a: Kingambit\n|-supereffective|p1a: Kingambit\n|-damage|p1a: Kingambit|0 fnt\n|faint|p1a: Kingambit\n|-end|p1a: Kingambit|fallen1|[silent]\n|\n|-weather|Sandstorm|[upkeep]\n|upkeep\n|\n|t:|1790923940\n|switch|p1a: Sneasler|Sneasler|85/100\n|-damage|p1a: Sneasler|79/100|[from] Stealth Rock\n|turn|14\n|\n|t:|1790923942\n|move|p1a: Sneasler|Close Combat|p2a: Tyranitar\n|-supereffective|p2a: Tyranitar\n|-damage|p2a: Tyranitar|0 fnt\n|-unboost|p1a: Sneasler|def|1\n|-unboost|p1a: Sneasler|spd|1\n|faint|p2a: Tyranitar\n|detailschange|p2: Tyranitar|Tyranitar|[silent]\n|-damage|p1a: Sneasler|69/100|[from] item: Life Orb\n|\n|win|Bunny Stockfish\n",
	"inputlog": ">start {\"formatid\":\"gen9rpou\",\"seed\":\"sodium,c8b39f446c8a3329dc572d3ba6427f78\",\"rated\":\"Rated battle\"}\n>player p1 {\"name\":\"Bunny Stockfish\",\"avatar\":\"bunny.png\",\"team\":\"Togekiss||HeavyDutyBoots|SereneGrace|VelvetPress,NastyPlot,AlluringVoice,AirSlash|Modest|252,,,252,4,|N|,0,,,,|||,,,,,Steel]Kingambit||AirBalloon|SupremeOverlord|SwordsDance,SuckerPunch,KowtowCleave,LowKick|Adamant|252,252,,,4,|N||||,,,,,Ghost]Ferrothorn||Leftovers|IronBarbs|PowerWhip,GrassyGlide,Spikes,StealthRock|Relaxed|252,,252,,4,|N||||,,,,,Ghost]Dragapult||ChoiceSpecs|ClearBody|DracoMeteor,ShadowBall,Flamethrower,Uturn|Timid|,,,252,4,252|N||||,,,,,Dragon]Sneasler||LifeOrb|Unburden|CloseCombat,SwordsDance,GunkShot,Acrobatics|Jolly|,252,,,4,252|N||||,,,,,Flying]Cinderace||HeavyDutyBoots|Libero|PyroBall,Uturn,CourtChange,WillOWisp|Jolly|224,32,,,,252|N||||,,,,,Flying\",\"rating\":1332}\n>player p2 {\"name\":\"SlimeQueenSamantha\",\"avatar\":\"queen.png\",\"team\":\"Dracozolt||LifeOrb|SandRush|BoltBeak,DracoMeteor,Earthquake,FireBlast|Naughty|,148,,176,,184|N||||,,,,,Electric]Excadrill||SteeliumZ|SandRush|SwordsDance,Earthquake,IronHead,RockSlide|Jolly|,252,,,4,252|N||||,,,,,Ground]Tyranitar||Tyranitarite|SandStream|KnockOff,Pursuit,StoneEdge,IcePunch|Adamant|92,252,,,,164|N||||,,,,,Rock]Hippowdon||Leftovers|SandStream|Earthquake,SlackOff,StealthRock,Toxic|Careful|252,8,,,248,|N|,0,,,,|||,,,,,Ground]Ferrothorn||Leftovers|IronBarbs|Spikes,GyroBall,PowerWhip,LeechSeed|Relaxed|252,4,52,,200,|N|,,,,,0|||,,,,,Grass]Dragapult||ChoiceSpecs|Infiltrator|DracoMeteor,ShadowBall,Flamethrower,Uturn|Timid|,,,252,4,252|N|,0,,,,|||,,,,,Ghost\",\"rating\":1553}\n>chat ☆Bunny Stockfish|Good luck! Playing on **stockfish**.\n>p1 team 4, 5, 6, 1, 2, 3\n>p2 team 6, 2, 3, 4, 5, 1\n>p1 move shadowball dynamax\n>p2 move shadowball\n>p2 switch 3\n>p1 move dracometeor dynamax\n>p2 move knockoff mega\n>p1 switch 5\n>p2 move pursuit\n>p1 switch 2\n>p1 move closecombat\n>p2 switch 4\n>p1 switch 5\n>p2 move slackoff\n>p1 move swordsdance\n>p2 move earthquake\n>p1 move kowtowcleave\n>p2 move stealthrock\n>p1 move lowkick\n>p2 move slackoff\n>p2 switch 5\n>p1 move lowkick\n>p2 move spikes\n>p2 switch 4\n>p1 move lowkick\n>p2 switch 6\n>p1 move suckerpunch terastallize\n>p2 move boltbeak\n>p2 switch 2\n>p1 move lowkick\n>p2 move ironhead zmove\n>p2 switch 6\n>p1 move lowkick\n>p2 move knockoff\n>p1 switch 5\n>p1 move closecombat\n>p2 move knockoff",
	"uploadtime": 1790923942
}