{
	"id": "gen9rpou-3-tm8rrz",
	"format": "[Gen 9] RP OU",
	"players": [
		"Bunny Stockfish",
		"SlimeQueenSamantha"
	],
	"rating": null,
	"log": "|j|☆Bunny Stockfish\n|j|☆SlimeQueenSamantha\n|t:|1790880794\n|gametype|singles\n|badge|p1|bronze|gen9rpou|3-3\n|badge|p2|gold|gen9rpou|1-1\n|player|p1|Bunny Stockfish|bunny.png|1355\n|player|p2|SlimeQueenSamantha|queen.png|1518\n|gen|9\n|tier|[Gen 9] RP OU\n|rated|\n|rule|HP Percentage Mod: HP is shown in percentages\n|rule|Endless Battle Clause: Forcing endless battles is banned\n|rule|Species Clause: Limit one of each Pokémon\n|rule|OHKO Clause: OHKO moves are banned\n|rule|Evasion Clause: Evasion abilities, items, and moves are banned\n|rule|Evasion Abilities Clause: Evasion abilities are banned\n|rule|Evasion Items Clause: Evasion items are banned\n|rule|Evasion Moves Clause: Evasion moves are banned\n|rule|Sleep Clause Mod: Limit one foe put to sleep\n|clearpoke\n|poke|p1|Landorus-Therian|\n|poke|p1|Corviknight|\n|poke|p1|Moltres|\n|poke|p1|Flareon|\n|poke|p1|Lucario|\n|poke|p1|Vaporeon|\n|poke|p2|Lugia|\n|poke|p2|Blissey|\n|poke|p2|Registeel|\n|poke|p2|Umbreon|\n|poke|p2|Spiritomb|\n|poke|p2|Clodsire|\n|teampreview\n|c|☆Bunny Stockfish|Good luck! Playing on **stockfish**.\n|\n|t:|1790880856\n|teamsize|p1|6\n|teamsize|p2|6\n|start\n|switch|p1a: Landorus|Landorus-Therian|100/100\n|switch|p2a: Blissey|Blissey, shiny|100/100\n|-ability|p1a: Landorus|Intimidate|boost\n|-unboost|p2a: Blissey|atk|1\n|turn|1\n|\n|t:|1790880861\n|switch|p2a: Lugia|Lugia|100/100\n|-start|p1a: Landorus|Dynamax|\n|-heal|p1a: Landorus|100/100|[silent]\n|move|p1a: Landorus|Max Quake|p2a: Lugia\n|-immune|p2a: Lugia\n|\n|upkeep\n|turn|2\n|\n|t:|1790880868\n|-end|p1a: Landorus|Dynamax\n|-heal|p1a: Landorus|100/100|[silent]\n|switch|p1a: Lucario|Lucario|100/100\n|move|p2a: Lugia|Calm Mind|p2a: Lugia\n|-boost|p2a: Lugia|spa|1\n|-boost|p2a: Lugia|spd|1\n|\n|upkeep\n|turn|3\n|\n|t:|1790880873\n|detailschange|p1a: Lucario|Lucario-Mega\n|-mega|p1a: Lucario|Lucario|Lucarionite\n|move|p1a: Lucario|Stone Edge|p2a: Lugia|[miss]\n|-miss|p1a: Lucario|p2a: Lugia\n|move|p2a: Lugia|Earth Power|p1a: Lucario\n|-supereffective|p1a: Lucario\n|-damage|p1a: Lucario|9/100\n|\n|upkeep\n|turn|4\n|\n|t:|1790880881\n|switch|p1a: Moltres|Moltres|100/100\n|move|p2a: Lugia|Air Slash|p1a: Moltres\n|-damage|p1a: Moltres|63/100\n|\n|upkeep\n|turn|5\n|\n|t:|1790880884\n|switch|p1a: Vaporeon|Vaporeon|100/100\n|move|p2a: Lugia|Air Slash|p1a: Vaporeon\n|-damage|p1a: Vaporeon|82/100\n|\n|-heal|p1a: Vaporeon|88/100|[from] item: Leftovers\n|upkeep\n|turn|6\n|\n|t:|1790880887\n|move|p2a: Lugia|Calm Mind|p2a: Lugia\n|-boost|p2a: Lugia|spa|1\n|-boost|p2a: Lugia|spd|1\n|move|p1a: Vaporeon|Velvet Guard|p1a: Vaporeon\n|-boost|p1a: Vaporeon|spd|3\n|\n|-heal|p1a: Vaporeon|94/100|[from] item: Leftovers\n|upkeep\n|turn|7\n|\n|t:|1790880895\n|switch|p2a: Clodsire|Clodsire|100/100\n|move|p1a: Vaporeon|Velvet Guard|p1a: Vaporeon\n|-boost|p1a: Vaporeon|spd|3\n|\n|-heal|p1a: Vaporeon|100/100|[from] item: Leftovers\n|upkeep\n|turn|8\n|\n|t:|1790880900\n|switch|p1a: Landorus|Landorus-Therian|100/100\n|-ability|p1a: Landorus|Intimidate|boost\n|-unboost|p2a: Clodsire|atk|1\n|move|p2a: Clodsire|Toxic Spikes|p1a: Landorus\n|-sidestart|p1: Bunny Stockfish|move: Toxic Spikes\n|\n|upkeep\n|turn|9\n|\n|t:|1790880905\n|switch|p2a: Lugia|Lugia|100/100\n|move|p1a: Landorus|Earthquake|p2a: Lugia\n|-immune|p2a: Lugia\n|\n|upkeep\n|turn|10\n|\n|t:|1790880911\n|switch|p1a: Vaporeon|Vaporeon|100/100\n|-status|p1a: Vaporeon|psn\n|move|p2a: Lugia|Air Slash|p1a: Vaporeon\n|-damage|p1a: Vaporeon|87/100 psn\n|\n|-heal|p1a: Vaporeon|93/100 psn|[from] item: Leftovers\n|-damage|p1a: Vaporeon|80/100 psn|[from] psn\n|upkeep\n|turn|11\n|\n|t:|1790880916\n|switch|p2a: Clodsire|Clodsire|100/100\n|move|p1a: Vaporeon|Velvet Guard|p1a: Vaporeon\n|-boost|p1a: Vaporeon|spd|3\n|\n|-heal|p1a: Vaporeon|87/100 psn|[from] item: Leftovers\n|-damage|p1a: Vaporeon|74/100 psn|[from] psn\n|upkeep\n|turn|12\n|\n|t:|1790880920\n|switch|p1a: Landorus|Landorus-Therian|100/100\n|-ability|p1a: Landorus|Intimidate|boost\n|-unboost|p2a: Clodsire|atk|1\n|move|p2a: Clodsire|Toxic Spikes|p1a: Landorus\n|-sidestart|p1: Bunny Stockfish|move: Toxic Spikes\n|\n|upkeep\n|turn|13\n|\n|t:|1790880924\n|switch|p2a: Lugia|Lugia|100/100\n|move|p1a: Landorus|Earthquake|p2a: Lugia\n|-immune|p2a: Lugia\n|\n|upkeep\n|turn|14\n|\n|t:|1790880929\n|move|p2a: Lugia|Air Slash|p1a: Landorus\n|-damage|p1a: Landorus|70/100\n|move|p1a: Landorus|Stone Edge|p2a: Lugia\n|-supereffective|p2a: Lugia\n|-damage|p2a: Lugia|75/100\n|\n|upkeep\n|turn|15\n|\n|t:|1790880934\n|switch|p1a: Vaporeon|Vaporeon|100/100 psn\n|move|p2a: Lugia|Air Slash|p1a: Vaporeon\n|-damage|p1a: Vaporeon|89/100 psn\n|\n|-heal|p1a: Vaporeon|95/100 psn|[from] item: Leftovers\n|-damage|p1a: Vaporeon|82/100 psn|[from] psn\n|upkeep\n|turn|16\n|\n|t:|1790880936\n|move|p2a: Lugia|Recover|p2a: Lugia\n|-heal|p2a: Lugia|100/100\n|move|p1a: Vaporeon|Velvet Guard|p1a: Vaporeon\n|-boost|p1a: Vaporeon|spd|3\n|\n|-heal|p1a: Vaporeon|89/100 psn|[from] item: Leftovers\n|-damage|p1a: Vaporeon|76/100 psn|[from] psn\n|upkeep\n|turn|17\n|\n|t:|1790880938\n|switch|p2a: Clodsire|Clodsire|100/100\n|move|p1a: Vaporeon|Velvet Guard|p1a: Vaporeon\n|-boost|p1a: Vaporeon|spd|3\n|\n|-heal|p1a: Vaporeon|82/100 psn|[from] item: Leftovers\n|-damage|p1a: Vaporeon|70/100 psn|[from] psn\n|upkeep\n|turn|18\n|\n|t:|1790880943\n|switch|p1a: Landorus|Landorus-Therian|70/100\n|-ability|p1a: Landorus|Intimidate|boost\n|-unboost|p2a: Clodsire|atk|1\n|move|p2a: Clodsire|Earthquake|p1a: Landorus\n|-immune|p1a: Landorus\n|\n|upkeep\n|turn|19\n|\n|t:|1790880948\n|switch|p2a: Lugia|Lugia|100/100\n|move|p1a: Landorus|Earthquake|p2a: Lugia\n|-immune|p2a: Lugia\n|\n|upkeep\n|turn|20\n|\n|t:|1790880954\n|switch|p1a: Vaporeon|Vaporeon|100/100 psn\n|move|p2a: Lugia|Calm Mind|p2a: Lugia\n|-boost|p2a: Lugia|spa|1\n|-boost|p2a: Lugia|spd|1\n|\n|-damage|p1a: Vaporeon|88/100 psn|[from] psn\n|upkeep\n|turn|21\n|\n|t:|1790880956\n|switch|p1a: Moltres|Moltres|63/100\n|move|p2a: Lugia|Air Slash|p1a: Moltres|[miss]\n|-miss|p2a: Lugia|p1a: Moltres\n|\n|upkeep\n|turn|22\n|\n|t:|1790880960\n|move|p2a: Lugia|Air Slash|p1a: Moltres\n|-damage|p1a: Moltres|29/100\n|move|p1a: Moltres|Roost|p1a: Moltres\n|-heal|p1a: Moltres|79/100\n|-singleturn|p1a: Moltres|move: Roost\n|\n|upkeep\n|turn|23\n|\n|t:|1790880964\n|move|p2a: Lugia|Calm Mind|p2a: Lugia\n|-boost|p2a: Lugia|spa|1\n|-boost|p2a: Lugia|spd|1\n|move|p1a: Moltres|Roar|p2a: Lugia\n|drag|p2a: Spiritomb|Spiritomb, shiny|100/100\n|\n|upkeep\n|turn|24\n|\n|t:|1790880974\n|switch|p2a: Clodsire|Clodsire|100/100\n|move|p1a: Moltres|Will-O-Wisp|p2a: Clodsire\n|-status|p2a: Clodsire|brn\n|\n|-damage|p2a: Clodsire|94/100 brn|[from] brn\n|upkeep\n|turn|25\n|\n|t:|1790880981\n|move|p1a: Moltres|Flamethrower|p2a: Clodsire\n|-crit|p2a: Clodsire\n|-damage|p2a: Clodsire|59/100 brn\n|move|p2a: Clodsire|Punishment|p1a: Moltres\n|-damage|p1a: Moltres|74/100\n|\n|-damage|p2a: Clodsire|53/100 brn|[from] brn\n|upkeep\n|turn|26\n|\n|t:|1790880984\n|move|p1a: Moltres|Flamethrower|p2a: Clodsire\n|-damage|p2a: Clodsire|29/100 brn\n|move|p2a: Clodsire|Recover|p2a: Clodsire\n|-heal|p2a: Clodsire|79/100 brn\n|\n|-damage|p2a: Clodsire|73/100 brn|[from] brn\n|upkeep\n|turn|27\n|\n|t:|1790880987\n|move|p1a: Moltres|Flamethrower|p2a: Clodsire\n|-damage|p2a: Clodsire|47/100 brn\n|move|p2a: Clodsire|Recover|p2a: Clodsire\n|-heal|p2a: Clodsire|97/100 brn\n|\n|-damage|p2a: Clodsire|91/100 brn|[from] brn\n|upkeep\n|turn|28\n|\n|t:|1790880994\n|switch|p2a: Umbreon|Umbreon|100/100\n|move|p1a: Moltres|Flamethrower|p2a: Umbreon\n|-damage|p2a: Umbreon|80/100\n|\n|-heal|p2a: Umbreon|87/100|[from] item: Leftovers\n|upkeep\n|turn|29\n|\n|t:|1790880998\n|move|p1a: Moltres|Will-O-Wisp|p2a: Umbreon\n|-immune|p2a: Umbreon|[from] ability: Moonlit Venom\n|move|p2a: Umbreon|Toxic|p1a: Moltres\n|-status|p1a: Moltres|tox\n|\n|-heal|p2a: Umbreon|93/100|[from] item: Leftovers\n|-damage|p1a: Moltres|68/100 tox|[from] psn\n|upkeep\n|turn|30\n|\n|t:|1790881000\n|move|p1a: Moltres|Roost|p1a: Moltres\n|-heal|p1a: Moltres|100/100 tox\n|-singleturn|p1a: Moltres|move: Roost\n|move|p2a: Umbreon|Knock Off|p1a: Moltres\n|-damage|p1a: Moltres|83/100 tox\n|-enditem|p1a: Moltres|Heavy-Duty Boots|[from] move: Knock Off|[of] p2a: Umbreon\n|\n|-heal|p2a: Umbreon|99/100|[from] item: Leftovers\n|-damage|p1a: Moltres|71/100 tox|[from] psn\n|upkeep\n|turn|31\n|\n|t:|1790881006\n|move|p1a: Moltres|Roost|p1a: Moltres\n|-heal|p1a: Moltres|100/100 tox\n|-singleturn|p1a: Moltres|move: Roost\n|move|p2a: Umbreon|Teleport|p2a: Umbreon\n|\n|t:|1790881009\n|switch|p2a: Blissey|Blissey, shiny|100/100|[from] Teleport\n|\n|-damage|p1a: Moltres|82/100 tox|[from] psn\n|upkeep\n|turn|32\n|\n|t:|1790881011\n|switch|p1a: Flareon|Flareon|100/100\n|-status|p1a: Flareon|tox\n|move|p2a: Blissey|Stealth Rock|p1a: Flareon\n|-sidestart|p1: Bunny Stockfish|move: Stealth Rock\n|\n|-damage|p1a: Flareon|95/100 tox|[from] psn\n|upkeep\n|turn|33\n|\n|t:|1790881018\n|-curestatus|p2: Clodsire|brn|[silent]\n|-cureteam|p2a: Blissey|[from] ability: Caretaker\n|switch|p2a: Lugia|Lugia|100/100\n|move|p1a: Flareon|Flare Blitz|p2a: Lugia\n|-damage|p2a: Lugia|54/100\n|-damage|p1a: Flareon|71/100 tox|[from] Recoil\n|\n|-damage|p1a: Flareon|59/100 tox|[from] psn\n|-ability|p1a: Flareon|Kindled Fury|boost\n|-boost|p1a: Flareon|spe|1\n|upkeep\n|turn|34\n|\n|t:|1790881040\n|-start|p2a: Lugia|Dynamax|\n|-heal|p2a: Lugia|54/100|[silent]\n|move|p2a: Lugia|Max Guard|p2a: Lugia\n|-singleturn|p2a: Lugia|Max Guard\n|move|p1a: Flareon|Flare Blitz|p2a: Lugia\n|-activate|p2a: Lugia|move: Max Guard\n|\n|-damage|p1a: Flareon|41/100 tox|[from] psn\n|-ability|p1a: Flareon|Kindled Fury|boost\n|-boost|p1a: Flareon|spe|1\n|upkeep\n|turn|35\n|\n|t:|1790881042\n|-terastallize|p1a: Flareon|Normal\n|move|p1a: Flareon|Flare Blitz|p2a: Lugia\n|-damage|p2a: Lugia|5/100\n|-damage|p1a: Flareon|0 fnt|[from] Recoil\n|faint|p1a: Flareon\n|move|p2a: Lugia|Max Airstream|p1: Flareon|[notarget]\n|-fail|p2a: Lugia\n|\n|upkeep\n|\n|t:|1790881043\n|switch|p1a: Lucario|Lucario-Mega|9/100\n|-damage|p1a: Lucario|7/100|[from] Stealth Rock\n|turn|36\n|\n|t:|1790881050\n|move|p2a: Lugia|Max Guard|p2a: Lugia\n|-singleturn|p2a: Lugia|Max Guard\n|move|p1a: Lucario|Extreme Speed|p2a: Lugia\n|-activate|p2a: Lugia|move: Max Guard\n|\n|upkeep\n|-end|p2a: Lugia|Dynamax\n|-heal|p2a: Lugia|5/100|[silent]\n|turn|37\n|\n|t:|1790881056\n|switch|p2a: Spiritomb|Spiritomb, shiny|100/100\n|move|p1a: Lucario|Extreme Speed|p2a: Spiritomb\n|-immune|p2a: Spiritomb\n|\n|upkeep\n|turn|38\n|\n|t:|1790881061\n|move|p1a: Lucario|Meteor Mash|p2a: Spiritomb\n|-damage|p2a: Spiritomb|44/100\n|move|p2a: Spiritomb|Soul Toll|p1a: Lucario\n|-damage|p1a: Lucario|0 fnt\n|faint|p1a: Lucario\n|detailschange|p1: Lucario|Lucario|[silent]\n|\n|-heal|p2a: Spiritomb|50/100|[from] item: Leftovers\n|upkeep\n|\n|t:|1790881061\n|switch|p1a: Landorus|Landorus-Therian|70/100\n|-damage|p1a: Landorus|58/100|[from] Stealth Rock\n|-ability|p1a: Landorus|Intimidate|boost\n|-unboost|p2a: Spiritomb|atk|1\n|turn|39\n|\n|t:|1790881071\n|switch|p2a: Lugia|Lugia|5/100\n|move|p1a: Landorus|Earthquake|p2a: Lugia\n|-immune|p2a: Lugia\n|\n|upkeep\n|turn|40\n|\n|t:|1790881074\n|move|p2a: Lugia|Recover|p2a: Lugia\n|-heal|p2a: Lugia|55/100\n|move|p1a: Landorus|U-turn|p2a: Lugia\n|-damage|p2a: Lugia|36/100\n|\n|t:|1790881075\n|switch|p1a: Vaporeon|Vaporeon|100/100 psn|[from] U-turn\n|-damage|p1a: Vaporeon|88/100 psn|[from] Stealth Rock\n|\n|-heal|p1a: Vaporeon|94/100 psn|[from] item: Leftovers\n|-damage|p1a: Vaporeon|82/100 psn|[from] psn\n|upkeep\n|turn|41\n|\n|t:|1790881080\n|move|p2a: Lugia|Recover|p2a: Lugia\n|-heal|p2a: Lugia|86/100\n|move|p1a: Vaporeon|Ice Beam|p2a: Lugia\n|-supereffective|p2a: Lugia\n|-damage|p2a: Lugia|62/100\n|\n|-heal|p1a: Vaporeon|88/100 psn|[from] item: Leftovers\n|-damage|p1a: Vaporeon|75/100 psn|[from] psn\n|upkeep\n|turn|42\n|\n|t:|1790881082\n|move|p2a: Lugia|Recover|p2a: Lugia\n|-heal|p2a: Lugia|100/100\n|move|p1a: Vaporeon|Velvet Guard|p1a: Vaporeon\n|-boost|p1a: Vaporeon|spd|3\n|\n|-heal|p1a: Vaporeon|82/100 psn|[from] item: Leftovers\n|-damage|p1a: Vaporeon|69/100 psn|[from] psn\n|upkeep\n|turn|43\n|\n|t:|1790881085\n|switch|p2a: Clodsire|Clodsire|91/100\n|move|p1a: Vaporeon|Wish|p1a: Vaporeon\n|\n|-heal|p1a: Vaporeon|75/100 psn|[from] item: Leftovers\n|-damage|p1a: Vaporeon|63/100 psn|[from] psn\n|upkeep\n|turn|44\n|\n|t:|1790881089\n|switch|p1a: Landorus|Landorus-Therian|58/100\n|-damage|p1a: Landorus|46/100|[from] Stealth Rock\n|-ability|p1a: Landorus|Intimidate|boost\n|-unboost|p2a: Clodsire|atk|1\n|move|p2a: Clodsire|Earthquake|p1a: Landorus\n|-immune|p1a: Landorus\n|\n|-heal|p1a: Landorus|100/100|[from] move: Wish|[wisher] Vaporeon\n|upkeep\n|turn|45\n|\n|t:|1790881093\n|switch|p2a: Lugia|Lugia|100/100\n|move|p1a: Landorus|Earthquake|p2a: Lugia\n|-immune|p2a: Lugia\n|\n|upkeep\n|turn|46\n|\n|t:|1790881095\n|move|p2a: Lugia|Calm Mind|p2a: Lugia\n|-boost|p2a: Lugia|spa|1\n|-boost|p2a: Lugia|spd|1\n|move|p1a: Landorus|Stone Edge|p2a: Lugia\n|-supereffective|p2a: Lugia\n|-damage|p2a: Lugia|75/100\n|\n|upkeep\n|turn|47\n|\n|t:|1790881097\n|move|p2a: Lugia|Calm Mind|p2a: Lugia\n|-boost|p2a: Lugia|spa|1\n|-boost|p2a: Lugia|spd|1\n|move|p1a: Landorus|Stone Edge|p2a: Lugia\n|-supereffective|p2a: Lugia\n|-damage|p2a: Lugia|23/100\n|\n|upkeep\n|turn|48\n|\n|t:|1790881099\n|move|p2a: Lugia|Recover|p2a: Lugia\n|-heal|p2a: Lugia|73/100\n|move|p1a: Landorus|Stone Edge|p2a: Lugia|[miss]\n|-miss|p1a: Landorus|p2a: Lugia\n|\n|upkeep\n|turn|49\n|\n|t:|1790881102\n|move|p2a: Lugia|Air Slash|p1a: Landorus\n|-damage|p1a: Landorus|40/100\n|move|p1a: Landorus|Stone Edge|p2a: Lugia\n|-supereffective|p2a: Lugia\n|-damage|p2a: Lugia|22/100\n|\n|upkeep\n|turn|50\n|\n|t:|1790881107\n|switch|p1a: Vaporeon|Vaporeon|96/100 psn\n|-damage|p1a: Vaporeon|84/100 psn|[from] Stealth Rock\n|move|p2a: Lugia|Recover|p2a: Lugia\n|-heal|p2a: Lugia|72/100\n|\n|-heal|p1a: Vaporeon|90/100 psn|[from] item: Leftovers\n|-damage|p1a: Vaporeon|77/100 psn|[from] psn\n|upkeep\n|turn|51\n|\n|t:|1790881109\n|move|p2a: Lugia|Air Slash|p1a: Vaporeon|[miss]\n|-miss|p2a: Lugia|p1a: Vaporeon\n|move|p1a: Vaporeon|Velvet Guard|p1a: Vaporeon\n|-boost|p1a: Vaporeon|spd|3\n|\n|-heal|p1a: Vaporeon|84/100 psn|[from] item: Leftovers\n|-damage|p1a: Vaporeon|71/100 psn|[from] psn\n|upkeep\n|turn|52\n|\n|t:|1790881111\n|move|p2a: Lugia|Air Slash|p1a: Vaporeon\n|-damage|p1a: Vaporeon|61/100 psn\n|move|p1a: Vaporeon|Velvet Guard|p1a: Vaporeon\n|-boost|p1a: Vaporeon|spd|3\n|\n|-heal|p1a: Vaporeon|67/100 psn|[from] item: Leftovers\n|-damage|p1a: Vaporeon|55/100 psn|[from] psn\n|upkeep\n|turn|53\n|\n|t:|1790881115\n|move|p2a: Lugia|Air Slash|p1a: Vaporeon\n|-damage|p1a: Vaporeon|48/100 psn\n|move|p1a: Vaporeon|Wish|p1a: Vaporeon\n|\n|-heal|p1a: Vaporeon|54/100 psn|[from] item: Leftovers\n|-damage|p1a: Vaporeon|42/100 psn|[from] psn\n|upkeep\n|turn|54\n|\n|t:|1790881122\n|move|p2a: Lugia|Air Slash|p1a: Vaporeon\n|-damage|p1a: Vaporeon|36/100 psn\n|move|p1a: Vaporeon|Ice Beam|p2a: Lugia\n|-supereffective|p2a: Lugia\n|-damage|p2a: Lugia|59/100\n|-status|p2a: Lugia|frz\n|\n|-heal|p1a: Vaporeon|86/100 psn|[from] move: Wish|[wisher] Vaporeon\n|-heal|p1a: Vaporeon|92/100 psn|[from] item: Leftovers\n|-damage|p1a: Vaporeon|79/100 psn|[from] psn\n|upkeep\n|turn|55\n|\n|t:|1790881128\n|switch|p2a: Blissey|Blissey, shiny|100/100\n|move|p1a: Vaporeon|Wish|p1a: Vaporeon\n|\n|-heal|p1a: Vaporeon|86/100 psn|[from] item: Leftovers\n|-damage|p1a: Vaporeon|73/100 psn|[from] psn\n|upkeep\n|turn|56\n|\n|t:|1790881132\n|switch|p1a: Corviknight|Corviknight|100/100\n|-ability|p1a: Corviknight|Unnerve\n|-damage|p1a: Corviknight|88/100|[from] Stealth Rock\n|move|p2a: Blissey|Seismic Toss|p1a: Corviknight\n|-damage|p1a: Corviknight|63/100\n|-damage|p2a: Blissey|84/100|[from] item: Rocky Helmet|[of] p1a: Corviknight\n|\n|-heal|p1a: Corviknight|100/100|[from] move: Wish|[wisher] Vaporeon\n|upkeep\n|turn|57\n|\n|t:|1790881135\n|-curestatus|p2: Lugia|frz|[silent]\n|-cureteam|p2a: Blissey|[from] ability: Caretaker\n|switch|p2a: Lugia|Lugia|59/100\n|move|p1a: Corviknight|Body Press|p2a: Lugia\n|-resisted|p2a: Lugia\n|-damage|p2a: Lugia|54/100\n|\n|upkeep\n|turn|58\n|\n|t:|1790881140\n|move|p2a: Lugia|Recover|p2a: Lugia\n|-heal|p2a: Lugia|100/100\n|move|p1a: Corviknight|U-turn|p2a: Lugia\n|-damage|p2a: Lugia|96/100\n|\n|t:|1790881140\n|switch|p1a: Vaporeon|Vaporeon|100/100 psn|[from] U-turn\n|-damage|p1a: Vaporeon|88/100 psn|[from] Stealth Rock\n|\n|-heal|p1a: Vaporeon|94/100 psn|[from] item: Leftovers\n|-damage|p1a: Vaporeon|82/100 psn|[from] psn\n|upkeep\n|turn|59\n|\n|t:|1790881144\n|switch|p2a: Clodsire|Clodsire|91/100\n|move|p1a: Vaporeon|Velvet Guard|p1a: Vaporeon\n|-boost|p1a: Vaporeon|spd|3\n|\n|-heal|p1a: Vaporeon|88/100 psn|[from] item: Leftovers\n|-damage|p1a: Vaporeon|75/100 psn|[from] psn\n|upkeep\n|turn|60\n|\n|t:|1790881151\n|switch|p1a: Corviknight|Corviknight|100/100\n|-ability|p1a: Corviknight|Unnerve\n|-damage|p1a: Corviknight|88/100|[from] Stealth Rock\n|switch|p2a: Spiritomb|Spiritomb, shiny|50/100\n|\n|-heal|p2a: Spiritomb|56/100|[from] item: Leftovers\n|upkeep\n|turn|61\n|\n|t:|1790881154\n|move|p1a: Corviknight|Iron Defense|p1a: Corviknight\n|-boost|p1a: Corviknight|def|2\n|move|p2a: Spiritomb|Strength Sap|p1a: Corviknight\n|-unboost|p1a: Corviknight|atk|1\n|-heal|p2a: Spiritomb|100/100\n|\n|upkeep\n|turn|62\n|\n|t:|1790881156\n|move|p1a: Corviknight|Iron Defense|p1a: Corviknight\n|-boost|p1a: Corviknight|def|2\n|move|p2a: Spiritomb|Will-O-Wisp|p1a: Corviknight\n|-status|p1a: Corviknight|brn\n|\n|-damage|p1a: Corviknight|82/100 brn|[from] brn\n|upkeep\n|turn|63\n|\n|t:|1790881160\n|move|p1a: Corviknight|Iron Defense|p1a: Corviknight\n|-boost|p1a: Corviknight|def|2\n|move|p2a: Spiritomb|Parting Shot|p1a: Corviknight\n|-unboost|p1a: Corviknight|atk|1\n|-unboost|p1a: Corviknight|spa|1\n|\n|t:|1790881165\n|switch|p2a: Clodsire|Clodsire|91/100|[from] Parting Shot\n|\n|-damage|p1a: Corviknight|76/100 brn|[from] brn\n|upkeep\n|turn|64\n|\n|t:|1790881169\n|switch|p1a: Landorus|Landorus-Therian|40/100\n|-damage|p1a: Landorus|28/100|[from] Stealth Rock\n|-ability|p1a: Landorus|Intimidate|boost\n|-unboost|p2a: Clodsire|atk|1\n|move|p2a: Clodsire|Punishment|p1a: Landorus\n|-damage|p1a: Landorus|18/100\n|\n|upkeep\n|turn|65\n|\n|t:|1790881181\n|switch|p2a: Lugia|Lugia|96/100\n|move|p1a: Landorus|Earthquake|p2a: Lugia\n|-immune|p2a: Lugia\n|\n|upkeep\n|turn|66\n|\n|t:|1790881185\n|switch|p1a: Vaporeon|Vaporeon|100/100 psn\n|-damage|p1a: Vaporeon|88/100 psn|[from] Stealth Rock\n|move|p2a: Lugia|Air Slash|p1a: Vaporeon\n|-damage|p1a: Vaporeon|74/100 psn\n|\n|-heal|p1a: Vaporeon|81/100 psn|[from] item: Leftovers\n|-damage|p1a: Vaporeon|68/100 psn|[from] psn\n|upkeep\n|turn|67\n|\n|t:|1790881189\n|switch|p2a: Blissey|Blissey, shiny|84/100\n|move|p1a: Vaporeon|Wish|p1a: Vaporeon\n|\n|-heal|p1a: Vaporeon|74/100 psn|[from] item: Leftovers\n|-damage|p1a: Vaporeon|62/100 psn|[from] psn\n|upkeep\n|turn|68\n|\n|t:|1790881193\n|switch|p1a: Landorus|Landorus-Therian|18/100\n|-damage|p1a: Landorus|6/100|[from] Stealth Rock\n|-ability|p1a: Landorus|Intimidate|boost\n|-unboost|p2a: Blissey|atk|1\n|move|p2a: Blissey|Seismic Toss|p1a: Landorus\n|-damage|p1a: Landorus|0 fnt\n|faint|p1a: Landorus\n|\n|upkeep\n|\n|t:|1790881194\n|switch|p1a: Corviknight|Corviknight|76/100 brn\n|-ability|p1a: Corviknight|Unnerve\n|-damage|p1a: Corviknight|64/100 brn|[from] Stealth Rock\n|turn|69\n|\n|t:|1790881206\n|move|p1a: Corviknight|Roost|p1a: Corviknight\n|-heal|p1a: Corviknight|100/100 brn\n|-singleturn|p1a: Corviknight|move: Roost\n|move|p2a: Blissey|Seismic Toss|p1a: Corviknight\n|-damage|p1a: Corviknight|75/100 brn\n|-damage|p2a: Blissey|67/100|[from] item: Rocky Helmet|[of] p1a: Corviknight\n|\n|-damage|p1a: Corviknight|69/100 brn|[from] brn\n|upkeep\n|turn|70\n|\n|t:|1790881213\n|switch|p2a: Registeel|Registeel|100/100\n|move|p1a: Corviknight|Body Press|p2a: Registeel\n|-supereffective|p2a: Registeel\n|-damage|p2a: Registeel|83/100\n|\n|-heal|p2a: Registeel|89/100|[from] item: Leftovers\n|-damage|p1a: Corviknight|63/100 brn|[from] brn\n|upkeep\n|turn|71\n|\n|t:|1790881219\n|move|p1a: Corviknight|Roost|p1a: Corviknight\n|-heal|p1a: Corviknight|100/100 brn\n|-singleturn|p1a: Corviknight|move: Roost\n|move|p2a: Registeel|Iron Defense|p2a: Registeel\n|-boost|p2a: Registeel|def|2\n|\n|-heal|p2a: Registeel|95/100|[from] item: Leftovers\n|-damage|p1a: Corviknight|94/100 brn|[from] brn\n|upkeep\n|turn|72\n|\n|t:|1790881221\n|move|p1a: Corviknight|Iron Defense|p1a: Corviknight\n|-boost|p1a: Corviknight|def|2\n|move|p2a: Registeel|Amnesia|p2a: Registeel\n|-boost|p2a: Registeel|spd|2\n|\n|-heal|p2a: Registeel|100/100|[from] item: Leftovers\n|-damage|p1a: Corviknight|88/100 brn|[from] brn\n|upkeep\n|turn|73\n|\n|t:|1790881222\n|move|p1a: Corviknight|Iron Defense|p1a: Corviknight\n|-boost|p1a: Corviknight|def|2\n|move|p2a: Registeel|Amnesia|p2a: Registeel\n|-boost|p2a: Registeel|spd|2\n|\n|-damage|p1a: Corviknight|82/100 brn|[from] brn\n|upkeep\n|turn|74\n|\n|t:|1790881223\n|move|p1a: Corviknight|Iron Defense|p1a: Corviknight\n|-boost|p1a: Corviknight|def|2\n|move|p2a: Registeel|Amnesia|p2a: Registeel\n|-boost|p2a: Registeel|spd|2\n|\n|-damage|p1a: Corviknight|76/100 brn|[from] brn\n|upkeep\n|turn|75\n|\n|t:|1790881224\n|move|p1a: Corviknight|Body Press|p2a: Registeel\n|-supereffective|p2a: Registeel\n|-damage|p2a: Registeel|92/100\n|move|p2a: Registeel|Iron Defense|p2a: Registeel\n|-boost|p2a: Registeel|def|2\n|\n|-heal|p2a: Registeel|98/100|[from] item: Leftovers\n|-damage|p1a: Corviknight|70/100 brn|[from] brn\n|upkeep\n|turn|76\n|\n|t:|1790881226\n|move|p1a: Corviknight|Roost|p1a: Corviknight\n|-heal|p1a: Corviknight|100/100 brn\n|-singleturn|p1a: Corviknight|move: Roost\n|move|p2a: Registeel|Iron Defense|p2a: Registeel\n|-boost|p2a: Registeel|def|2\n|\n|-heal|p2a: Registeel|100/100|[from] item: Leftovers\n|-damage|p1a: Corviknight|94/100 brn|[from] brn\n|upkeep\n|turn|77\n|\n|t:|1790881228\n|move|p1a: Corviknight|Body Press|p2a: Registeel\n|-supereffective|p2a: Registeel\n|-damage|p2a: Registeel|96/100\n|move|p2a: Registeel|Velvet Press|p1a: Corviknight\n|-resisted|p1a: Corviknight\n|-damage|p1a: Corviknight|33/100 brn\n|\n|-heal|p2a: Registeel|100/100|[from] item: Leftovers\n|-damage|p1a: Corviknight|27/100 brn|[from] brn\n|upkeep\n|turn|78\n|\n|t:|1790881231\n|move|p1a: Corviknight|Roost|p1a: Corviknight\n|-heal|p1a: Corviknight|77/100 brn\n|-singleturn|p1a: Corviknight|move: Roost\n|move|p2a: Registeel|Velvet Press|p1a: Corviknight\n|-resisted|p1a: Corviknight\n|-damage|p1a: Corviknight|11/100 brn\n|\n|-damage|p1a: Corviknight|5/100 brn|[from] brn\n|upkeep\n|turn|79\n|\n|t:|1790881235\n|switch|p1a: Vaporeon|Vaporeon|95/100 psn\n|-damage|p1a: Vaporeon|83/100 psn|[from] Stealth Rock\n|move|p2a: Registeel|Velvet Press|p1a: Vaporeon\n|-damage|p1a: Vaporeon|14/100 psn\n|\n|-heal|p1a: Vaporeon|20/100 psn|[from] item: Leftovers\n|-damage|p1a: Vaporeon|7/100 psn|[from] psn\n|upkeep\n|turn|80\n|\n|t:|1790881245\n|switch|p1a: Moltres|Moltres|82/100 tox\n|-damage|p1a: Moltres|33/100 tox|[from] Stealth Rock\n|move|p2a: Registeel|Velvet Press|p1a: Moltres\n|-resisted|p1a: Moltres\n|-damage|p1a: Moltres|0 fnt\n|faint|p1a: Moltres\n|\n|upkeep\n|\n|t:|1790881245\n|switch|p1a: Vaporeon|Vaporeon|41/100 psn\n|-damage|p1a: Vaporeon|28/100 psn|[from] Stealth Rock\n|turn|81\n|\n|t:|1790881250\n|move|p1a: Vaporeon|Wish|p1a: Vaporeon\n|move|p2a: Registeel|Amnesia|p2a: Registeel\n|-boost|p2a: Registeel|spd|0\n|\n|-heal|p1a: Vaporeon|34/100 psn|[from] item: Leftovers\n|-damage|p1a: Vaporeon|22/100 psn|[from] psn\n|upkeep\n|turn|82\n|\n|t:|1790881252\n|move|p1a: Vaporeon|Scald|p2a: Registeel\n|-damage|p2a: Registeel|96/100\n|move|p2a: Registeel|Velvet Press|p1a: Vaporeon\n|-crit|p1a: Vaporeon\n|-damage|p1a: Vaporeon|0 fnt\n|faint|p1a: Vaporeon\n|\n|-heal|p2a: Registeel|100/100|[from] item: Leftovers\n|upkeep\n|\n|t:|1790881252\n|switch|p1a: Corviknight|Corviknight|5/100 brn\n|-ability|p1a: Corviknight|Unnerve\n|-damage|p1a: Corviknight|0 fnt|[from] Stealth Rock\n|faint|p1a: Corviknight\n|\n|win|SlimeQueenSamantha\n",
	"inputlog": ">start {\"formatid\":\"gen9rpou\",\"seed\":\"sodium,0691132ad5cdb3cd325ebcd308cb61b0\",\"rated\":\"Rated battle\"}\n>player p1 {\"name\":\"Bunny Stockfish\",\"avatar\":\"bunny.png\",\"team\":\"Landorus|LandorusTherian|SoftSand|Intimidate|StealthRock,Earthquake,StoneEdge,Uturn|Jolly|,252,4,,,252|N||||,,,,,Water]Corviknight||RockyHelmet|Unnerve|BodyPress,IronDefense,Uturn,Roost|Impish|248,,252,,8,|N||||,,,,,Fairy]Moltres||HeavyDutyBoots|FlameBody|Flamethrower,Roost,WillOWisp,Roar|Bold|248,,248,,,12|N|,0,,,,|||,,,,,Fairy]Flareon||ChoiceBand|KindledFury|FlareBlitz,CloseCombat,TemperFlare,Facade|Adamant|,252,4,,,252|N||||,,,,,Normal]Lucario||Lucarionite|Justified|CloseCombat,MeteorMash,StoneEdge,ExtremeSpeed|Jolly|,252,,,4,252|N||||,,,,,Normal]Vaporeon||Leftovers|LiquidBody|Scald,Wish,VelvetGuard,IceBeam|Calm|252,,4,,252,|N|,0,,,,|||,,,,,Ghost\",\"rating\":1355}\n>player p2 {\"name\":\"SlimeQueenSamantha\",\"avatar\":\"queen.png\",\"team\":\"Lugia||HeavyDutyBoots|Multiscale|CalmMind,AirSlash,EarthPower,Recover|Timid|248,,8,,,252|N|,0,,,,|||,,,,,Ground]Blissey||HeavyDutyBoots|Caretaker|SoftBoiled,StealthRock,Toxic,SeismicToss|Bold|252,,252,,4,|N|,0,,,,|S||,,,,,Water]Registeel||Leftovers|Unaware|SlackOff,IronDefense,Amnesia,velvetpress|Calm|252,,,4,252,|N|,0,,,,|||,,,,,Fairy]Umbreon||Leftovers|MoonlitVenom|Recover,Toxic,KnockOff,Teleport|Careful|252,4,,,252,|N||||,,,,,Poison]Spiritomb||Leftovers|KeystoneLegion|soultoll,StrengthSap,PartingShot,WillOWisp|Careful|252,4,,,252,|N||S||,,,,,Dragon]Clodsire||HeavyDutyBoots|WaterAbsorb|ToxicSpikes,Punishment,Earthquake,Recover|Careful|248,8,244,,8,|N||||,,,,,Fire\",\"rating\":1518}\n>chat ☆Bunny Stockfish|Good luck! Playing on **stockfish**.\n>p1 team 1, 5, 4, 3, 2, 6\n>p2 team 2, 1, 3, 4, 5, 6\n>p1 move earthquake dynamax\n>p2 switch 2\n>p1 switch 2\n>p2 move calmmind\n>p1 move stoneedge mega\n>p2 move earthpower\n>p1 switch 4\n>p2 move airslash\n>p1 switch 6\n>p2 move airslash\n>p1 move velvetguard\n>p2 move calmmind\n>p1 move velvetguard\n>p2 switch 6\n>p1 switch 2\n>p2 move toxicspikes\n>p1 move earthquake\n>p2 switch 6\n>p1 switch 2\n>p2 move airslash\n>p1 move velvetguard\n>p2 switch 6\n>p1 switch 2\n>p2 move toxicspikes\n>p1 move earthquake\n>p2 switch 6\n>p1 move stoneedge\n>p2 move airslash\n>p1 switch 2\n>p2 move airslash\n>p1 move velvetguard\n>p2 move recover\n>p1 move velvetguard\n>p2 switch 6\n>p1 switch 2\n>p2 move earthquake\n>p1 move earthquake\n>p2 switch 6\n>p1 switch 2\n>p2 move calmmind\n>p1 switch 6\n>p2 move airslash\n>p1 move roost\n>p2 move airslash\n>p1 move roar\n>p2 move calmmind\n>p1 move willowisp\n>p2 switch 6\n>p1 move flamethrower\n>p2 move punishment\n>p1 move flamethrower\n>p2 move recover\n>p1 move flamethrower\n>p2 move recover\n>p1 move flamethrower\n>p2 switch 4\n>p1 move willowisp\n>p2 move toxic\n>p1 move roost\n>p2 move knockoff\n>p1 move roost\n>p2 move teleport\n>p2 switch 2\n>p1 switch 3\n>p2 move stealthrock\n>p1 move flareblitz\n>p2 switch 5\n>p1 move flareblitz\n>p2 move calmmind dynamax\n>p1 move flareblitz terastallize\n>p2 move airslash dynamax\n>p1 switch 4\n>p1 move extremespeed\n>p2 move recover dynamax\n>p1 move extremespeed\n>p2 switch 6\n>p1 move meteormash\n>p2 move soultoll\n>p1 switch 2\n>p1 move earthquake\n>p2 switch 6\n>p1 move uturn\n>p2 move recover\n>p1 switch 6\n>p1 move icebeam\n>p2 move recover\n>p1 move velvetguard\n>p2 move recover\n>p1 move wish\n>p2 switch 4\n>p1 switch 6\n>p2 move earthquake\n>p1 move earthquake\n>p2 switch 4\n>p1 move stoneedge\n>p2 move calmmind\n>p1 move stoneedge\n>p2 move calmmind\n>p1 move stoneedge\n>p2 move recover\n>p1 move stoneedge\n>p2 move airslash\n>p1 switch 6\n>p2 move recover\n>p1 move velvetguard\n>p2 move airslash\n>p1 move velvetguard\n>p2 move airslash\n>p1 move wish\n>p2 move airslash\n>p1 move icebeam\n>p2 move airslash\n>p1 move wish\n>p2 switch 5\n>p1 switch 5\n>p2 move seismictoss\n>p1 move bodypress\n>p2 switch 5\n>p1 move uturn\n>p2 move recover\n>p1 switch 5\n>p1 move velvetguard\n>p2 switch 4\n>p1 switch 5\n>p2 switch 6\n>p1 move irondefense\n>p2 move strengthsap\n>p1 move irondefense\n>p2 move willowisp\n>p1 move irondefense\n>p2 move partingshot\n>p2 switch 6\n>p1 switch 6\n>p2 move punishment\n>p1 move earthquake\n>p2 switch 4\n>p1 switch 5\n>p2 move airslash\n>p1 move wish\n>p2 switch 5\n>p1 switch 5\n>p2 move seismictoss\n>p1 switch 6\n>p1 move roost\n>p2 move seismictoss\n>p1 move bodypress\n>p2 switch 3\n>p1 move roost\n>p2 move irondefense\n>p1 move irondefense\n>p2 move amnesia\n>p1 move irondefense\n>p2 move amnesia\n>p1 move irondefense\n>p2 move amnesia\n>p1 move bodypress\n>p2 move irondefense\n>p1 move roost\n>p2 move irondefense\n>p1 move bodypress\n>p2 move velvetpress\n>p1 move roost\n>p2 move velvetpress\n>p1 switch 5\n>p2 move velvetpress\n>p1 switch 3\n>p2 move velvetpress\n>p1 switch 3\n>p1 move wish\n>p2 move amnesia\n>p1 move scald\n>p2 move velvetpress\n>p1 switch 5",
	"uploadtime": 1790881252
}