{
	"id": "gen9rpou-10-tlj90j",
	"format": "[Gen 9] RP OU",
	"players": [
		"Bunny Stockfish",
		"TheRealWhimsicott"
	],
	"rating": null,
	"log": "|j|☆Bunny Stockfish\n|j|☆TheRealWhimsicott\n|t:|1789762166\n|gametype|singles\n|badge|p1|bronze|gen9rpou|3-3\n|badge|p2|silver|gen9rpou|2-2\n|player|p1|Bunny Stockfish|bunny.png|1332\n|player|p2|TheRealWhimsicott|266|1435\n|gen|9\n|tier|[Gen 9] RP OU\n|rated|\n|rule|HP Percentage Mod: HP is shown in percentages\n|rule|Endless Battle Clause: Forcing endless battles is banned\n|rule|Species Clause: Limit one of each Pokémon\n|rule|OHKO Clause: OHKO moves are banned\n|rule|Evasion Clause: Evasion abilities, items, and moves are banned\n|rule|Evasion Abilities Clause: Evasion abilities are banned\n|rule|Evasion Items Clause: Evasion items are banned\n|rule|Evasion Moves Clause: Evasion moves are banned\n|rule|Sleep Clause Mod: Limit one foe put to sleep\n|clearpoke\n|poke|p1|Roserade|\n|poke|p1|Samurott-Hisui|\n|poke|p1|Ninetales-Alola|\n|poke|p1|Gliscor|\n|poke|p1|Hatterene|\n|poke|p1|Empoleon|\n|poke|p2|Kingambit|\n|poke|p2|Haxorus|\n|poke|p2|Pawmot|\n|poke|p2|Glaceon|\n|poke|p2|Tinkaton, F|\n|poke|p2|Corviknight|\n|teampreview\n|c|☆Bunny Stockfish|Good luck! Playing on **stockfish**.\n|\n|t:|1789762170\n|teamsize|p1|6\n|teamsize|p2|6\n|start\n|switch|p1a: Empoleon|Empoleon|100/100\n|switch|p2a: Tinkaton|Tinkaton, F|100/100\n|-ability|p2a: Tinkaton|Mold Breaker\n|-item|p2a: Tinkaton|Air Balloon\n|turn|1\n|\n|t:|1789762171\n|move|p2a: Tinkaton|Stealth Rock|p1a: Empoleon\n|-sidestart|p1: Bunny Stockfish|move: Stealth Rock\n|move|p1a: Empoleon|Imperial Torrent|p2a: Tinkaton\n|-damage|p2a: Tinkaton|46/100\n|-enditem|p2a: Tinkaton|Air Balloon\n|\n|upkeep\n|turn|2\n|\n|t:|1789762175\n|move|p2a: Tinkaton|Encore|p1a: Empoleon\n|-start|p1a: Empoleon|Encore\n|move|p1a: Empoleon|Imperial Torrent|p2a: Tinkaton\n|-damage|p2a: Tinkaton|0 fnt\n|faint|p2a: Tinkaton\n|\n|upkeep\n|\n|t:|1789762180\n|switch|p2a: Pawmot|Pawmot|100/100\n|turn|3\n|\n|t:|1789762181\n|switch|p1a: Gliscor|Gliscor|100/100\n|-damage|p1a: Gliscor|88/100|[from] Stealth Rock\n|move|p2a: Pawmot|Close Combat|p1a: Gliscor\n|-resisted|p1a: Gliscor\n|-damage|p1a: Gliscor|52/100\n|-unboost|p2a: Pawmot|def|1\n|-unboost|p2a: Pawmot|spd|1\n|\n|-status|p1a: Gliscor|tox|[from] item: Toxic Orb\n|upkeep\n|turn|4\n|\n|t:|1789762185\n|switch|p2a: Corviknight|Corviknight|100/100\n|-ability|p2a: Corviknight|Pressure\n|move|p1a: Gliscor|Earthquake|p2a: Corviknight\n|-immune|p2a: Corviknight\n|\n|-heal|p1a: Gliscor|65/100 tox|[from] ability: Poison Heal\n|upkeep\n|turn|5\n|\n|t:|1789762188\n|move|p1a: Gliscor|Knock Off|p2a: Corviknight\n|-damage|p2a: Corviknight|87/100\n|-enditem|p2a: Corviknight|Leftovers|[from] move: Knock Off|[of] p1a: Gliscor\n|move|p2a: Corviknight|Iron Head|p1a: Gliscor\n|-damage|p1a: Gliscor|47/100 tox\n|\n|-heal|p1a: Gliscor|59/100 tox|[from] ability: Poison Heal\n|upkeep\n|turn|6\n|\n|t:|1789762190\n|move|p1a: Gliscor|Swords Dance|p1a: Gliscor\n|-boost|p1a: Gliscor|atk|2\n|move|p2a: Corviknight|Iron Head|p1a: Gliscor\n|-damage|p1a: Gliscor|38/100 tox\n|\n|-heal|p1a: Gliscor|51/100 tox|[from] ability: Poison Heal\n|upkeep\n|turn|7\n|\n|t:|1789762192\n|move|p1a: Gliscor|Knock Off|p2a: Corviknight\n|-damage|p2a: Corviknight|71/100\n|move|p2a: Corviknight|U-turn|p1a: Gliscor\n|-resisted|p1a: Gliscor\n|-damage|p1a: Gliscor|45/100 tox\n|\n|t:|1789762195\n|switch|p2a: Glaceon|Glaceon|100/100|[from] U-turn\n|-weather|Snowscape|[from] ability: Diamond Dust|[of] p2a: Glaceon\n|\n|-weather|Snowscape|[upkeep]\n|-heal|p1a: Gliscor|58/100 tox|[from] ability: Poison Heal\n|upkeep\n|turn|8\n|\n|t:|1789762196\n|switch|p1a: Empoleon|Empoleon|100/100\n|-damage|p1a: Empoleon|94/100|[from] Stealth Rock\n|move|p2a: Glaceon|Blizzard|p1a: Empoleon\n|-resisted|p1a: Empoleon\n|-damage|p1a: Empoleon|79/100\n|\n|-weather|Snowscape|[upkeep]\n|-heal|p1a: Empoleon|85/100|[from] item: Leftovers\n|upkeep\n|turn|9\n|\n|t:|1789762200\n|switch|p2a: Corviknight|Corviknight|71/100\n|-ability|p2a: Corviknight|Pressure\n|-start|p1a: Empoleon|Dynamax|\n|-heal|p1a: Empoleon|85/100|[silent]\n|move|p1a: Empoleon|Max Geyser|p2a: Corviknight\n|-damage|p2a: Corviknight|7/100\n|-weather|RainDance\n|\n|-weather|RainDance|[upkeep]\n|-heal|p1a: Empoleon|89/100|[from] item: Leftovers\n|upkeep\n|turn|10\n|\n|t:|1789762202\n|move|p2a: Corviknight|Protect|p2a: Corviknight\n|-singleturn|p2a: Corviknight|Protect\n|move|p1a: Empoleon|Max Geyser|p2a: Corviknight\n|-zbroken|p2a: Corviknight\n|-damage|p2a: Corviknight|0 fnt\n|faint|p2a: Corviknight\n|\n|-weather|RainDance|[upkeep]\n|-heal|p1a: Empoleon|92/100|[from] item: Leftovers\n|upkeep\n|\n|t:|1789762210\n|switch|p2a: Pawmot|Pawmot|100/100\n|turn|11\n|\n|t:|1789762212\n|-terastallize|p2a: Pawmot|Electric\n|move|p2a: Pawmot|Double Shock|p1a: Empoleon\n|-supereffective|p1a: Empoleon\n|-damage|p1a: Empoleon|0 fnt\n|-start|p2a: Pawmot|typechange|Electric|[from] move: Double Shock\n|faint|p1a: Empoleon\n|\n|-weather|RainDance|[upkeep]\n|upkeep\n|\n|t:|1789762212\n|switch|p1a: Gliscor|Gliscor|58/100 tox\n|-damage|p1a: Gliscor|45/100 tox|[from] Stealth Rock\n|turn|12\n|\n|t:|1789762217\n|switch|p2a: Glaceon|Glaceon|100/100\n|-weather|Snowscape|[from] ability: Diamond Dust|[of] p2a: Glaceon\n|move|p1a: Gliscor|Earthquake|p2a: Glaceon\n|-damage|p2a: Glaceon|75/100\n|\n|-weather|Snowscape|[upkeep]\n|-heal|p1a: Gliscor|58/100 tox|[from] ability: Poison Heal\n|upkeep\n|turn|13\n|\n|t:|1789762219\n|switch|p1a: Samurott|Samurott-Hisui|100/100\n|-damage|p1a: Samurott|88/100|[from] Stealth Rock\n|move|p2a: Glaceon|Blizzard|p1a: Samurott\n|-resisted|p1a: Samurott\n|-damage|p1a: Samurott|52/100\n|\n|-weather|Snowscape|[upkeep]\n|upkeep\n|turn|14\n|\n|t:|1789762221\n|switch|p2a: Pawmot|Pawmot, tera:Electric|100/100\n|move|p1a: Samurott|Aqua Cutter|p2a: Pawmot\n|-crit|p2a: Pawmot\n|-damage|p2a: Pawmot|0 fnt\n|faint|p2a: Pawmot\n|\n|-weather|Snowscape|[upkeep]\n|upkeep\n|\n|t:|1789762225\n|switch|p2a: Kingambit|Kingambit|100/100\n|-activate|p2a: Kingambit|ability: Supreme Overlord\n|-start|p2a: Kingambit|fallen3|[silent]\n|turn|15\n|\n|t:|1789762226\n|move|p1a: Samurott|Aqua Cutter|p2a: Kingambit\n|-damage|p2a: Kingambit|67/100\n|move|p2a: Kingambit|Swords Dance|p2a: Kingambit\n|-boost|p2a: Kingambit|atk|2\n|\n|-weather|Snowscape|[upkeep]\n|upkeep\n|turn|16\n|\n|t:|1789762230\n|move|p2a: Kingambit|Sucker Punch|p1a: Samurott\n|-resisted|p1a: Samurott\n|-damage|p1a: Samurott|0 fnt\n|faint|p1a: Samurott\n|\n|-weather|none\n|upkeep\n|\n|t:|1789762230\n|switch|p1a: Hatterene|Hatterene|100/100\n|-damage|p1a: Hatterene|88/100|[from] Stealth Rock\n|turn|17\n|\n|t:|1789762233\n|move|p2a: Kingambit|Iron Head|p1a: Hatterene\n|-supereffective|p1a: Hatterene\n|-damage|p1a: Hatterene|0 fnt\n|faint|p1a: Hatterene\n|\n|upkeep\n|\n|t:|1789762233\n|switch|p1a: Gliscor|Gliscor|58/100 tox\n|-damage|p1a: Gliscor|45/100 tox|[from] Stealth Rock\n|turn|18\n|\n|t:|1789762236\n|move|p2a: Kingambit|Sucker Punch|p1a: Gliscor\n|-damage|p1a: Gliscor|0 fnt\n|faint|p1a: Gliscor\n|\n|upkeep\n|\n|t:|1789762236\n|switch|p1a: Roserade|Roserade|100/100\n|-damage|p1a: Roserade|88/100|[from] Stealth Rock\n|-ability|p1a: Roserade|Masquerade\n|-start|p2a: Kingambit|move: Taunt\n|turn|19\n|\n|t:|1789762239\n|move|p2a: Kingambit|Sucker Punch|p1a: Roserade\n|-damage|p1a: Roserade|0 fnt\n|faint|p1a: Roserade\n|\n|upkeep\n|\n|t:|1789762239\n|switch|p1a: Ninetales|Ninetales-Alola|100/100\n|-damage|p1a: Ninetales|76/100|[from] Stealth Rock\n|-weather|Snowscape|[from] ability: Snow Warning|[of] p1a: Ninetales\n|turn|20\n|\n|t:|1789762240\n|move|p1a: Ninetales|Freeze-Dry|p2a: Kingambit\n|-resisted|p2a: Kingambit\n|-damage|p2a: Kingambit|57/100\n|-status|p2a: Kingambit|frz\n|cant|p2a: Kingambit|frz\n|\n|-weather|Snowscape|[upkeep]\n|upkeep\n|turn|21\n|\n|t:|1789762245\n|-start|p2a: Kingambit|Dynamax|\n|-heal|p2a: Kingambit|57/100 frz|[silent]\n|move|p1a: Ninetales|Freeze-Dry|p2a: Kingambit\n|-resisted|p2a: Kingambit\n|-damage|p2a: Kingambit|52/100 frz\n|cant|p2a: Kingambit|frz\n|\n|-weather|Snowscape|[upkeep]\n|upkeep\n|turn|22\n|\n|t:|1789762247\n|move|p1a: Ninetales|Freeze-Dry|p2a: Kingambit\n|-resisted|p2a: Kingambit\n|-damage|p2a: Kingambit|47/100 frz\n|-curestatus|p2a: Kingambit|frz|[msg]\n|move|p2a: Kingambit|Max Steelspike|p1a: Ninetales\n|-supereffective|p1a: Ninetales\n|-damage|p1a: Ninetales|0 fnt\n|-boost|p2a: Kingambit|def|1\n|faint|p1a: Ninetales\n|\n|win|TheRealWhimsicott\n",
	"inputlog": ">start {\"formatid\":\"gen9rpou\",\"seed\":\"sodium,da93e3aa6e471c9d2d54b16d36d5a4d9\",\"rated\":\"Rated battle\"}\n>player p1 {\"name\":\"Bunny Stockfish\",\"avatar\":\"bunny.png\",\"team\":\"Roserade||FocusSash|Masquerade|ThornedBouquet,SludgeBomb,Synthesis,Spikes|Timid|,,,252,4,252|N||||,,,,,Grass]Samurott|SamurottHisui|AssaultVest|Sharpness|CeaselessEdge,AquaCutter,AquaJet,FlipTurn|Adamant|248,84,,,124,52|N||||,,,,,Poison]Ninetales|NinetalesAlola|LightClay|SnowWarning|AuroraVeil,Encore,FreezeDry,Roar|Timid|252,,4,,,252|N||||,,,,,Ghost]Gliscor||ToxicOrb|PoisonHeal|SwordsDance,Earthquake,KnockOff,HiveFrenzy|Careful|244,,36,,228,|N||||,,,,,Normal]Hatterene||EjectButton|MagicBounce|HealingWish,PsychicNoise,DazzlingGleam,MysticalFire|Bold|252,,204,,,52|N||||,,,,,Steel]Empoleon||Leftovers|EmperorsPride|ImperialTorrent,Roost,StealthRock,KnockOff|Calm|252,,4,,252,|N||||,,,,,Flying\",\"rating\":1332}\n>player p2 {\"name\":\"TheRealWhimsicott\",\"avatar\":\"266\",\"team\":\"Kingambit||BlackGlasses|SupremeOverlord|KnockOff,IronHead,SuckerPunch,SwordsDance|Adamant|252,252,,,4,|N||||,,,,,Dark]Haxorus||LoadedDice|MoldBreaker|HoneClaws,ScaleShot,Earthquake,IronHead|Jolly|4,252,,,,252|N||||,,,,,Steel]Pawmot||ChoiceBand|IronFist|RevivalBlessing,SparkScamper,CloseCombat,DoubleShock|Jolly|4,252,,,,252|N||||,,,,,Electric]Glaceon||ChoiceSpecs|DiamondDust|EarthPower,FreezeDry,FocusBlast,Blizzard|Modest|,,,252,4,252|N|,0,,,,|||,,,,,Ice]Tinkaton||AirBalloon|MoldBreaker|GigatonHammer,CragHammer,StealthRock,Encore|Jolly|,252,,,4,252|F||||,,,,,Fairy]Corviknight||Leftovers|Pressure|Roost,Uturn,Protect,IronHead|Impish|252,,252,,4,|N||||,,,,,Water\",\"rating\":1435}\n>chat ☆Bunny Stockfish|Good luck! Playing on **stockfish**.\n>p1 team 6, 3, 1, 4, 2, 5\n>p2 team 5, 2, 3, 4, 1, 6\n>p1 move imperialtorrent\n>p2 move stealthrock\n>p1 move imperialtorrent\n>p2 move encore\n>p2 switch 3\n>p1 switch 4\n>p2 move closecombat\n>p1 move earthquake\n>p2 switch 6\n>p1 move knockoff\n>p2 move ironhead\n>p1 move swordsdance\n>p2 move ironhead\n>p1 move knockoff\n>p2 move uturn\n>p2 switch 4\n>p1 switch 4\n>p2 move blizzard\n>p1 move imperialtorrent dynamax\n>p2 switch 4\n>p1 move imperialtorrent dynamax\n>p2 move protect\n>p2 switch 6\n>p1 move imperialtorrent dynamax\n>p2 move doubleshock terastallize\n>p1 switch 4\n>p1 move earthquake\n>p2 switch 4\n>p1 switch 5\n>p2 move blizzard\n>p1 move aquacutter\n>p2 switch 4\n>p2 switch 5\n>p1 move aquacutter\n>p2 move swordsdance\n>p1 move aquacutter\n>p2 move suckerpunch\n>p1 switch 6\n>p1 move mysticalfire\n>p2 move ironhead\n>p1 switch 5\n>p1 move earthquake\n>p2 move suckerpunch\n>p1 switch 3\n>p1 move thornedbouquet\n>p2 move suckerpunch\n>p1 switch 2\n>p1 move freezedry\n>p2 move ironhead\n>p1 move freezedry\n>p2 move ironhead dynamax\n>p1 move freezedry\n>p2 move ironhead dynamax",
	"uploadtime": 1789762247
}