{
	"id": "gen9rpou-1-tliueu",
	"format": "[Gen 9] RP OU",
	"players": [
		"Bunny Stockfish",
		"SlimeQueenSamantha"
	],
	"rating": null,
	"log": "|j|☆Bunny Stockfish\n|j|☆SlimeQueenSamantha\n|t:|1789671134\n|gametype|singles\n|player|p1|Bunny Stockfish|bunny.png|1332\n|player|p2|SlimeQueenSamantha|queen.png|1618\n|gen|9\n|tier|[Gen 9] RP OU\n|rated|\n|rule|HP Percentage Mod: HP is shown in percentages\n|rule|Endless Battle Clause: Forcing endless battles is banned\n|rule|Species Clause: Limit one of each Pokémon\n|rule|OHKO Clause: OHKO moves are banned\n|rule|Evasion Clause: Evasion abilities, items, and moves are banned\n|rule|Evasion Abilities Clause: Evasion abilities are banned\n|rule|Evasion Items Clause: Evasion items are banned\n|rule|Evasion Moves Clause: Evasion moves are banned\n|rule|Sleep Clause Mod: Limit one foe put to sleep\n|clearpoke\n|poke|p1|Corviknight|\n|poke|p1|Blissey|\n|poke|p1|Raging Bolt|\n|poke|p1|Heatran|\n|poke|p1|Ribombee|\n|poke|p1|Great Tusk|\n|poke|p2|Spiritomb|\n|poke|p2|Glaceon|\n|poke|p2|Garchomp|\n|poke|p2|Roserade|\n|poke|p2|Togekiss|\n|poke|p2|Lucario|\n|teampreview\n|c|☆Bunny Stockfish|Good luck! Playing on **stockfish**.\n|\n|t:|1789671147\n|teamsize|p1|6\n|teamsize|p2|6\n|start\n|switch|p1a: Heatran|Heatran|100/100\n|switch|p2a: Garchomp|Garchomp|100/100\n|turn|1\n|\n|t:|1789671149\n|detailschange|p1a: Heatran|Heatran-Mega\n|-mega|p1a: Heatran|Heatran|Heatranite\n|move|p2a: Garchomp|Stealth Rock|p1a: Heatran\n|-sidestart|p1: Bunny Stockfish|move: Stealth Rock\n|move|p1a: Heatran|Stealth Rock|p2a: Garchomp\n|-sidestart|p2: SlimeQueenSamantha|move: Stealth Rock\n|\n|upkeep\n|turn|2\n|\n|t:|1789671154\n|move|p1a: Heatran|Earth Power|p2a: Garchomp\n|-damage|p2a: Garchomp|69/100\n|move|p2a: Garchomp|Dragon Tail|p1a: Heatran\n|-resisted|p1a: Heatran\n|-damage|p1a: Heatran|89/100\n|drag|p1a: Blissey|Blissey|100/100\n|\n|upkeep\n|turn|3\n|\n|t:|1789671157\n|switch|p1a: Great Tusk|Great Tusk|100/100\n|-damage|p1a: Great Tusk|98/100|[from] Stealth Rock\n|-enditem|p1a: Great Tusk|Booster Energy\n|-activate|p1a: Great Tusk|ability: Protosynthesis|[fromitem]\n|-start|p1a: Great Tusk|protosynthesisspe\n|move|p2a: Garchomp|Earthquake|p1a: Great Tusk\n|-damage|p1a: Great Tusk|70/100\n|\n|upkeep\n|turn|4\n|\n|t:|1789671159\n|-start|p1a: Great Tusk|Dynamax|\n|-heal|p1a: Great Tusk|70/100|[silent]\n|move|p1a: Great Tusk|Max Hailstorm|p2a: Garchomp\n|-supereffective|p2a: Garchomp\n|-damage|p2a: Garchomp|0 fnt\n|-weather|Snowscape\n|faint|p2a: Garchomp\n|\n|-weather|Snowscape|[upkeep]\n|upkeep\n|\n|t:|1789671167\n|switch|p2a: Glaceon|Glaceon|100/100\n|-damage|p2a: Glaceon|76/100|[from] Stealth Rock\n|turn|5\n|\n|t:|1789671169\n|-end|p1a: Great Tusk|Dynamax\n|-heal|p1a: Great Tusk|70/100|[silent]\n|-end|p1a: Great Tusk|Protosynthesis|[silent]\n|switch|p1a: Heatran|Heatran-Mega|89/100\n|-damage|p1a: Heatran|76/100|[from] Stealth Rock\n|move|p2a: Glaceon|Blizzard|p1a: Heatran\n|-resisted|p1a: Heatran\n|-damage|p1a: Heatran|67/100\n|-status|p1a: Heatran|frz\n|-damage|p2a: Glaceon|66/100|[from] item: Life Orb\n|\n|-weather|Snowscape|[upkeep]\n|upkeep\n|turn|6\n|\n|t:|1789671172\n|move|p2a: Glaceon|Aurora Veil|p2a: Glaceon\n|-sidestart|p2: SlimeQueenSamantha|move: Aurora Veil\n|cant|p1a: Heatran|frz\n|\n|-weather|Snowscape|[upkeep]\n|upkeep\n|turn|7\n|\n|t:|1789671183\n|switch|p2a: Spiritomb|Spiritomb|100/100\n|-damage|p2a: Spiritomb|88/100|[from] Stealth Rock\n|cant|p1a: Heatran|frz\n|\n|-weather|Snowscape|[upkeep]\n|-heal|p2a: Spiritomb|94/100|[from] item: Leftovers\n|upkeep\n|turn|8\n|\n|t:|1789671187\n|cant|p1a: Heatran|frz\n|move|p2a: Spiritomb|Soul Toll|p1a: Heatran\n|-damage|p1a: Heatran|37/100 frz\n|\n|-weather|none\n|-heal|p2a: Spiritomb|100/100|[from] item: Leftovers\n|upkeep\n|turn|9\n|\n|t:|1789671189\n|cant|p1a: Heatran|frz\n|move|p2a: Spiritomb|Soul Toll|p1a: Heatran\n|-damage|p1a: Heatran|5/100 frz\n|\n|upkeep\n|turn|10\n|\n|t:|1789671191\n|-curestatus|p1a: Heatran|frz|[msg]\n|move|p1a: Heatran|Lava Plume|p2a: Spiritomb\n|-damage|p2a: Spiritomb|87/100\n|move|p2a: Spiritomb|Soul Toll|p1a: Heatran\n|-damage|p1a: Heatran|0 fnt\n|faint|p1a: Heatran\n|detailschange|p1: Heatran|Heatran|[silent]\n|\n|-heal|p2a: Spiritomb|93/100|[from] item: Leftovers\n|-sideend|p2: SlimeQueenSamantha|move: Aurora Veil\n|upkeep\n|\n|t:|1789671191\n|switch|p1a: Blissey|Blissey|100/100\n|turn|11\n|\n|t:|1789671193\n|move|p1a: Blissey|Calm Mind|p1a: Blissey\n|-boost|p1a: Blissey|spa|1\n|-boost|p1a: Blissey|spd|1\n|move|p2a: Spiritomb|Will-O-Wisp|p1a: Blissey|[miss]\n|-miss|p2a: Spiritomb|p1a: Blissey\n|\n|-heal|p2a: Spiritomb|99/100|[from] item: Leftovers\n|upkeep\n|turn|12\n|\n|t:|1789671196\n|move|p1a: Blissey|Calm Mind|p1a: Blissey\n|-boost|p1a: Blissey|spa|1\n|-boost|p1a: Blissey|spd|1\n|move|p2a: Spiritomb|Parting Shot|p1a: Blissey\n|-unboost|p1a: Blissey|atk|1\n|-unboost|p1a: Blissey|spa|1\n|\n|t:|1789671199\n|switch|p2a: Lucario|Lucario|100/100|[from] Parting Shot\n|-damage|p2a: Lucario|98/100|[from] Stealth Rock\n|\n|upkeep\n|turn|13\n|\n|t:|1789671202\n|switch|p1a: Raging Bolt|Raging Bolt|100/100\n|detailschange|p2a: Lucario|Lucario-Mega-Z\n|-mega|p2a: Lucario|Lucario|Lucarionite Z\n|move|p2a: Lucario|Nasty Plot|p2a: Lucario\n|-boost|p2a: Lucario|spa|2\n|\n|upkeep\n|turn|14\n|\n|t:|1789671207\n|move|p2a: Lucario|Aura Sphere|p1a: Raging Bolt\n|-damage|p1a: Raging Bolt|8/100\n|move|p1a: Raging Bolt|Thunderbolt|p2a: Lucario\n|-damage|p2a: Lucario|11/100\n|-status|p2a: Lucario|par\n|\n|upkeep\n|turn|15\n|\n|t:|1789671212\n|move|p1a: Raging Bolt|Thunderbolt|p2a: Lucario\n|-damage|p2a: Lucario|0 fnt\n|faint|p2a: Lucario\n|detailschange|p2: Lucario|Lucario|[silent]\n|\n|upkeep\n|\n|t:|1789671216\n|switch|p2a: Roserade|Roserade|100/100\n|-ability|p2a: Roserade|Masquerade\n|-start|p1a: Raging Bolt|move: Taunt\n|turn|16\n|\n|t:|1789671217\n|-end|p1a: Raging Bolt|Protosynthesis|[silent]\n|switch|p1a: Blissey|Blissey|100/100\n|move|p2a: Roserade|Mortal Spin|p1a: Blissey\n|-damage|p1a: Blissey|93/100\n|-status|p1a: Blissey|psn\n|-sideend|p2: SlimeQueenSamantha|Stealth Rock|[from] move: Mortal Spin|[of] p2a: Roserade\n|\n|-damage|p1a: Blissey|81/100 psn|[from] psn\n|upkeep\n|turn|17\n|\n|t:|1789671225\n|switch|p2a: Togekiss|Togekiss|100/100\n|move|p1a: Blissey|Calm Mind|p1a: Blissey\n|-boost|p1a: Blissey|spa|1\n|-boost|p1a: Blissey|spd|1\n|\n|-damage|p1a: Blissey|68/100 psn|[from] psn\n|upkeep\n|turn|18\n|\n|t:|1789671227\n|move|p2a: Togekiss|Air Slash|p1a: Blissey\n|-damage|p1a: Blissey|60/100 psn\n|cant|p1a: Blissey|flinch\n|\n|-damage|p1a: Blissey|48/100 psn|[from] psn\n|upkeep\n|turn|19\n|\n|t:|1789671229\n|move|p2a: Togekiss|Air Slash|p1a: Blissey\n|-damage|p1a: Blissey|41/100 psn\n|move|p1a: Blissey|Calm Mind|p1a: Blissey\n|-boost|p1a: Blissey|spa|1\n|-boost|p1a: Blissey|spd|1\n|\n|-damage|p1a: Blissey|28/100 psn|[from] psn\n|upkeep\n|turn|20\n|\n|t:|1789671231\n|move|p2a: Togekiss|Air Slash|p1a: Blissey\n|-damage|p1a: Blissey|22/100 psn\n|cant|p1a: Blissey|flinch\n|\n|-damage|p1a: Blissey|10/100 psn|[from] psn\n|upkeep\n|turn|21\n|\n|t:|1789671233\n|-curestatus|p1a: Blissey|psn|[from] ability: Natural Cure|[silent]\n|switch|p1a: Corviknight|Corviknight|100/100\n|-damage|p1a: Corviknight|88/100|[from] Stealth Rock\n|move|p2a: Togekiss|Air Slash|p1a: Corviknight\n|-resisted|p1a: Corviknight\n|-crit|p1a: Corviknight\n|-damage|p1a: Corviknight|63/100\n|\n|upkeep\n|turn|22\n|\n|t:|1789671237\n|switch|p2a: Roserade|Roserade|100/100\n|-ability|p2a: Roserade|Masquerade\n|-start|p1a: Corviknight|move: Taunt\n|cant|p1a: Corviknight|move: Taunt|Iron Defense\n|\n|upkeep\n|turn|23\n|\n|t:|1789671239\n|move|p2a: Roserade|Oxidize|p1a: Corviknight\n|-supereffective|p1a: Corviknight\n|-damage|p1a: Corviknight|0 fnt\n|faint|p1a: Corviknight\n|\n|upkeep\n|\n|t:|1789671239\n|switch|p1a: Great Tusk|Great Tusk|70/100\n|-damage|p1a: Great Tusk|67/100|[from] Stealth Rock\n|turn|24\n|\n|t:|1789671242\n|move|p2a: Roserade|Thorned Bouquet|p1a: Great Tusk\n|-supereffective|p1a: Great Tusk\n|-crit|p1a: Great Tusk\n|-damage|p1a: Great Tusk|0 fnt\n|faint|p1a: Great Tusk\n|-end|p1a: Great Tusk|Protosynthesis|[silent]\n|\n|upkeep\n|\n|t:|1789671242\n|switch|p1a: Ribombee|Ribombee|100/100\n|-damage|p1a: Ribombee|76/100|[from] Stealth Rock\n|turn|25\n|\n|t:|1789671244\n|-terastallize|p1a: Ribombee|Steel\n|move|p1a: Ribombee|Moonblast|p2a: Roserade\n|-resisted|p2a: Roserade\n|-damage|p2a: Roserade|76/100\n|move|p2a: Roserade|Oxidize|p1a: Ribombee\n|-supereffective|p1a: Ribombee\n|-damage|p1a: Ribombee|0 fnt\n|faint|p1a: Ribombee\n|\n|upkeep\n|\n|t:|1789671244\n|switch|p1a: Blissey|Blissey|10/100\n|turn|26\n|\n|t:|1789671247\n|move|p2a: Roserade|Thorned Bouquet|p1a: Blissey\n|-damage|p1a: Blissey|0 fnt\n|-heal|p2a: Roserade|87/100|[from] drain|[of] p1a: Blissey\n|faint|p1a: Blissey\n|\n|upkeep\n|\n|t:|1789671247\n|switch|p1a: Raging Bolt|Raging Bolt|8/100\n|turn|27\n|\n|t:|1789671248\n|move|p1a: Raging Bolt|Thunderclap|p2a: Roserade\n|-resisted|p2a: Roserade\n|-damage|p2a: Roserade|61/100\n|move|p2a: Roserade|Oxidize|p1a: Raging Bolt\n|-damage|p1a: Raging Bolt|0 fnt\n|faint|p1a: Raging Bolt\n|-end|p1a: Raging Bolt|Protosynthesis|[silent]\n|\n|win|SlimeQueenSamantha\n",
	"inputlog": ">start {\"formatid\":\"gen9rpou\",\"seed\":\"sodium,21805504526b24db88291c35c6e25397\",\"rated\":\"Rated battle\"}\n>player p1 {\"name\":\"Bunny Stockfish\",\"avatar\":\"bunny.png\",\"team\":\"Corviknight||RockyHelmet|MirrorArmor|BraveBird,IronDefense,Uturn,Roost|Impish|248,,252,,8,|N||||,,,,,Water]Blissey||HeavyDutyBoots|NaturalCure|SoftBoiled,CalmMind,SeismicToss,Flamethrower|Calm|4,,252,,252,|N|,0,,,,|||,,,,,Dark]Raging Bolt||HeavyDutyBoots|Protosynthesis|Thunderbolt,Thunderclap,VoltSwitch,DragonPulse|Modest|,,4,252,,252|N|,20,,,,|||,,,,,Fairy]Heatran||Heatranite|FlashFire|LavaPlume,EarthPower,WillOWisp,StealthRock|Calm|252,,4,,212,40|N||||,,,,,Ghost]Ribombee||FocusSash|ShieldDust|SolarNectar,Moonblast,StunSpore,SkillSwap|Timid|,,,252,4,252|N||||,,,,,Steel]Great Tusk||BoosterEnergy|Protosynthesis|BulkUp,HeadlongRush,IceSpinner,Taunt|Jolly|252,4,,,,252|N||||,,,,,Ghost\",\"rating\":1332}\n>player p2 {\"name\":\"SlimeQueenSamantha\",\"avatar\":\"queen.png\",\"team\":\"Spiritomb||Leftovers|KeystoneLegion|SoulToll,StrengthSap,PartingShot,WillOWisp|Calm|252,,4,,252,|N||||,,,,,Fairy]Glaceon||LifeOrb|DiamondDust|Blizzard,FreezeDry,AuroraVeil,EarthPower|Modest|,,4,252,,252|N|,0,,,,|||,,,,,Ice]Garchomp||RockyHelmet|RoughSkin|Earthquake,DragonTail,StealthRock,Spikes|Impish|252,,216,,,40|N||||,,,,,Ghost]Roserade||HeavyDutyBoots|Masquerade|ThornedBouquet,Oxidize,NastyPlot,MortalSpin|Timid|,,,252,4,252|N||||,,,,,Water]Togekiss||ChoiceScarf|SereneGrace|AirSlash,Uturn,AlluringVoice,Flamethrower|Timid|,,,252,4,252|N||||,,,,,Flying]Lucario||LucarioniteZ|Steadfast|NastyPlot,AuraSphere,FlashCannon,HiddenPowerIce|Timid|,,,252,,252|N|,0,,,,|||,Ice,,,,Ghost\",\"rating\":1618}\n>chat ☆Bunny Stockfish|Good luck! Playing on **stockfish**.\n>p1 team 4, 5, 6, 3, 1, 2\n>p2 team 3, 2, 1, 4, 5, 6\n>p1 move stealthrock mega\n>p2 move stealthrock\n>p1 move earthpower\n>p2 move dragontail\n>p1 switch 3\n>p2 move earthquake\n>p1 move icespinner dynamax\n>p2 move spikes\n>p2 switch 2\n>p1 switch 6\n>p2 move blizzard\n>p1 move lavaplume\n>p2 move auroraveil\n>p1 move lavaplume\n>p2 switch 3\n>p1 move lavaplume\n>p2 move soultoll\n>p1 move lavaplume\n>p2 move soultoll\n>p1 move lavaplume\n>p2 move soultoll\n>p1 switch 3\n>p1 move calmmind\n>p2 move willowisp\n>p1 move calmmind\n>p2 move partingshot\n>p2 switch 6\n>p1 switch 4\n>p2 move nastyplot mega\n>p1 move thunderbolt\n>p2 move aurasphere\n>p1 move thunderbolt\n>p2 move aurasphere\n>p2 switch 4\n>p1 switch 4\n>p2 move mortalspin\n>p1 move calmmind\n>p2 switch 5\n>p1 move calmmind\n>p2 move airslash\n>p1 move calmmind\n>p2 move airslash\n>p1 move seismictoss\n>p2 move airslash\n>p1 switch 5\n>p2 move airslash\n>p1 move irondefense\n>p2 switch 5\n>p1 move bravebird\n>p2 move oxidize\n>p1 switch 6\n>p1 move headlongrush\n>p2 move thornedbouquet\n>p1 switch 2\n>p1 move moonblast terastallize\n>p2 move oxidize\n>p1 switch 5\n>p1 move seismictoss\n>p2 move thornedbouquet\n>p1 switch 4\n>p1 move thunderclap\n>p2 move oxidize",
	"uploadtime": 1789671248
}