{
	"id": "gen9rpou-10-tm8rrz",
	"format": "[Gen 9] RP OU",
	"players": [
		"Bunny Stockfish",
		"SlimeQueenSamantha"
	],
	"rating": null,
	"log": "|j|☆Bunny Stockfish\n|j|☆SlimeQueenSamantha\n|t:|1790882453\n|gametype|singles\n|badge|p1|bronze|gen9rpou|3-3\n|badge|p2|gold|gen9rpou|1-1\n|player|p1|Bunny Stockfish|bunny.png|1335\n|player|p2|SlimeQueenSamantha|queen.png|1534\n|gen|9\n|tier|[Gen 9] RP OU\n|rated|\n|rule|HP Percentage Mod: HP is shown in percentages\n|rule|Endless Battle Clause: Forcing endless battles is banned\n|rule|Species Clause: Limit one of each Pokémon\n|rule|OHKO Clause: OHKO moves are banned\n|rule|Evasion Clause: Evasion abilities, items, and moves are banned\n|rule|Evasion Abilities Clause: Evasion abilities are banned\n|rule|Evasion Items Clause: Evasion items are banned\n|rule|Evasion Moves Clause: Evasion moves are banned\n|rule|Sleep Clause Mod: Limit one foe put to sleep\n|clearpoke\n|poke|p1|Kingambit|\n|poke|p1|Garchomp|\n|poke|p1|Tapu Koko|\n|poke|p1|Dragonite|\n|poke|p1|Flareon|\n|poke|p1|Hatterene|\n|poke|p2|Lugia|\n|poke|p2|Blissey|\n|poke|p2|Registeel|\n|poke|p2|Umbreon|\n|poke|p2|Spiritomb|\n|poke|p2|Clodsire|\n|teampreview\n|c|☆Bunny Stockfish|Good luck! Playing on **stockfish**.\n|\n|t:|1790882462\n|teamsize|p1|6\n|teamsize|p2|6\n|start\n|switch|p1a: Garchomp|Garchomp|100/100\n|switch|p2a: Blissey|Blissey, shiny|100/100\n|turn|1\n|\n|t:|1790882465\n|move|p1a: Garchomp|Earthquake|p2a: Blissey\n|-damage|p2a: Blissey|62/100\n|move|p2a: Blissey|Toxic|p1a: Garchomp|[miss]\n|-miss|p2a: Blissey|p1a: Garchomp\n|\n|upkeep\n|turn|2\n|\n|t:|1790882469\n|-start|p1a: Garchomp|Dynamax|\n|-heal|p1a: Garchomp|100/100|[silent]\n|move|p1a: Garchomp|Max Quake|p2a: Blissey\n|-damage|p2a: Blissey|16/100\n|-boost|p1a: Garchomp|spd|1\n|move|p2a: Blissey|Soft-Boiled|p2a: Blissey\n|-heal|p2a: Blissey|66/100\n|\n|upkeep\n|turn|3\n|\n|t:|1790882475\n|move|p1a: Garchomp|Max Quake|p2a: Blissey\n|-damage|p2a: Blissey|20/100\n|-boost|p1a: Garchomp|spd|1\n|move|p2a: Blissey|Soft-Boiled|p2a: Blissey\n|-heal|p2a: Blissey|70/100\n|\n|upkeep\n|turn|4\n|\n|t:|1790882477\n|move|p1a: Garchomp|Max Quake|p2a: Blissey\n|-damage|p2a: Blissey|24/100\n|-boost|p1a: Garchomp|spd|1\n|move|p2a: Blissey|Soft-Boiled|p2a: Blissey\n|-heal|p2a: Blissey|74/100\n|\n|upkeep\n|-end|p1a: Garchomp|Dynamax\n|-heal|p1a: Garchomp|100/100|[silent]\n|turn|5\n|\n|t:|1790882481\n|move|p1a: Garchomp|Earthquake|p2a: Blissey\n|-damage|p2a: Blissey|39/100\n|move|p2a: Blissey|Toxic|p1a: Garchomp\n|-status|p1a: Garchomp|tox\n|\n|-damage|p1a: Garchomp|94/100 tox|[from] psn\n|upkeep\n|turn|6\n|\n|t:|1790882485\n|move|p1a: Garchomp|Earthquake|p2a: Blissey\n|-damage|p2a: Blissey|2/100\n|move|p2a: Blissey|Soft-Boiled|p2a: Blissey\n|-heal|p2a: Blissey|52/100\n|\n|-damage|p1a: Garchomp|82/100 tox|[from] psn\n|upkeep\n|turn|7\n|\n|t:|1790882488\n|move|p1a: Garchomp|Earthquake|p2a: Blissey\n|-damage|p2a: Blissey|15/100\n|move|p2a: Blissey|Soft-Boiled|p2a: Blissey\n|-heal|p2a: Blissey|65/100\n|\n|-damage|p1a: Garchomp|63/100 tox|[from] psn\n|upkeep\n|turn|8\n|\n|t:|1790882491\n|move|p1a: Garchomp|Earthquake|p2a: Blissey\n|-damage|p2a: Blissey|29/100\n|move|p2a: Blissey|Soft-Boiled|p2a: Blissey\n|-heal|p2a: Blissey|79/100\n|\n|-damage|p1a: Garchomp|39/100 tox|[from] psn\n|upkeep\n|turn|9\n|\n|t:|1790882494\n|move|p1a: Garchomp|Earthquake|p2a: Blissey\n|-damage|p2a: Blissey|38/100\n|move|p2a: Blissey|Soft-Boiled|p2a: Blissey\n|-heal|p2a: Blissey|88/100\n|\n|-damage|p1a: Garchomp|8/100 tox|[from] psn\n|upkeep\n|turn|10\n|\n|t:|1790882496\n|switch|p1a: Kingambit|Kingambit|100/100\n|-item|p1a: Kingambit|Air Balloon\n|move|p2a: Blissey|Stealth Rock|p1a: Kingambit\n|-sidestart|p1: Bunny Stockfish|move: Stealth Rock\n|\n|upkeep\n|turn|11\n|\n|t:|1790882503\n|switch|p2a: Umbreon|Umbreon|100/100\n|move|p1a: Kingambit|Kowtow Cleave|p2a: Umbreon\n|-resisted|p2a: Umbreon\n|-damage|p2a: Umbreon|81/100\n|\n|-heal|p2a: Umbreon|88/100|[from] item: Leftovers\n|upkeep\n|turn|12\n|\n|t:|1790882508\n|move|p2a: Umbreon|Toxic|p1a: Kingambit\n|-status|p1a: Kingambit|tox\n|move|p1a: Kingambit|Iron Head|p2a: Umbreon\n|-damage|p2a: Umbreon|51/100\n|\n|-heal|p2a: Umbreon|57/100|[from] item: Leftovers\n|-damage|p1a: Kingambit|94/100 tox|[from] psn\n|upkeep\n|turn|13\n|\n|t:|1790882513\n|move|p2a: Umbreon|Recover|p2a: Umbreon\n|-heal|p2a: Umbreon|100/100\n|move|p1a: Kingambit|Iron Head|p2a: Umbreon\n|-damage|p2a: Umbreon|65/100\n|\n|-heal|p2a: Umbreon|72/100|[from] item: Leftovers\n|-damage|p1a: Kingambit|82/100 tox|[from] psn\n|upkeep\n|turn|14\n|\n|t:|1790882520\n|move|p2a: Umbreon|Knock Off|p1a: Kingambit\n|-resisted|p1a: Kingambit\n|-damage|p1a: Kingambit|74/100 tox\n|-enditem|p1a: Kingambit|Air Balloon\n|move|p1a: Kingambit|Iron Head|p2a: Umbreon\n|-damage|p2a: Umbreon|32/100\n|\n|-heal|p2a: Umbreon|39/100|[from] item: Leftovers\n|-damage|p1a: Kingambit|55/100 tox|[from] psn\n|upkeep\n|turn|15\n|\n|t:|1790882525\n|-end|p1a: Kingambit|fallenundefined|[silent]\n|switch|p1a: Tapu Koko|Tapu Koko|100/100\n|-damage|p1a: Tapu Koko|88/100|[from] Stealth Rock\n|-fieldstart|move: Electric Terrain|[from] ability: Electric Surge|[of] p1a: Tapu Koko\n|move|p2a: Umbreon|Recover|p2a: Umbreon\n|-heal|p2a: Umbreon|89/100\n|\n|-heal|p2a: Umbreon|95/100|[from] item: Leftovers\n|upkeep\n|turn|16\n|\n|t:|1790882532\n|switch|p2a: Clodsire|Clodsire|100/100\n|move|p1a: Tapu Koko|Calm Mind|p1a: Tapu Koko\n|-boost|p1a: Tapu Koko|spa|1\n|-boost|p1a: Tapu Koko|spd|1\n|\n|upkeep\n|turn|17\n|\n|t:|1790882537\n|switch|p1a: Dragonite|Dragonite|100/100\n|move|p2a: Clodsire|Toxic Spikes|p1a: Dragonite\n|-sidestart|p1: Bunny Stockfish|move: Toxic Spikes\n|\n|upkeep\n|turn|18\n|\n|t:|1790882540\n|move|p1a: Dragonite|Outrage|p2a: Clodsire\n|-damage|p2a: Clodsire|45/100\n|move|p2a: Clodsire|Toxic Spikes|p1a: Dragonite\n|-sidestart|p1: Bunny Stockfish|move: Toxic Spikes\n|\n|upkeep\n|turn|19\n|\n|t:|1790882546\n|switch|p2a: Registeel|Registeel|100/100\n|move|p1a: Dragonite|Outrage|p2a: Registeel|[from] lockedmove\n|-resisted|p2a: Registeel\n|-damage|p2a: Registeel|78/100\n|-start|p1a: Dragonite|confusion|[fatigue]\n|\n|-heal|p2a: Registeel|84/100|[from] item: Leftovers\n|-fieldend|move: Electric Terrain\n|upkeep\n|turn|20\n|\n|t:|1790882548\n|-activate|p1a: Dragonite|confusion\n|move|p1a: Dragonite|Dragon Dance|p1a: Dragonite\n|-boost|p1a: Dragonite|atk|1\n|-boost|p1a: Dragonite|spe|1\n|move|p2a: Registeel|Iron Defense|p2a: Registeel\n|-boost|p2a: Registeel|def|2\n|\n|-heal|p2a: Registeel|90/100|[from] item: Leftovers\n|upkeep\n|turn|21\n|\n|t:|1790882550\n|-activate|p1a: Dragonite|confusion\n|-damage|p1a: Dragonite|77/100|[from] confusion\n|move|p2a: Registeel|Iron Defense|p2a: Registeel\n|-boost|p2a: Registeel|def|2\n|\n|-heal|p2a: Registeel|96/100|[from] item: Leftovers\n|upkeep\n|turn|22\n|\n|t:|1790882552\n|-activate|p1a: Dragonite|confusion\n|move|p1a: Dragonite|Dragon Dance|p1a: Dragonite\n|-boost|p1a: Dragonite|atk|1\n|-boost|p1a: Dragonite|spe|1\n|move|p2a: Registeel|Iron Defense|p2a: Registeel\n|-boost|p2a: Registeel|def|2\n|\n|-heal|p2a: Registeel|100/100|[from] item: Leftovers\n|upkeep\n|turn|23\n|\n|t:|1790882553\n|-activate|p1a: Dragonite|confusion\n|move|p1a: Dragonite|Earthquake|p2a: Registeel\n|-supereffective|p2a: Registeel\n|-crit|p2a: Registeel\n|-damage|p2a: Registeel|35/100\n|move|p2a: Registeel|Amnesia|p2a: Registeel\n|-boost|p2a: Registeel|spd|2\n|\n|-heal|p2a: Registeel|41/100|[from] item: Leftovers\n|upkeep\n|turn|24\n|\n|t:|1790882555\n|-end|p1a: Dragonite|confusion\n|move|p1a: Dragonite|Earthquake|p2a: Registeel\n|-supereffective|p2a: Registeel\n|-damage|p2a: Registeel|30/100\n|move|p2a: Registeel|Amnesia|p2a: Registeel\n|-boost|p2a: Registeel|spd|2\n|\n|-heal|p2a: Registeel|36/100|[from] item: Leftovers\n|upkeep\n|turn|25\n|\n|t:|1790882557\n|move|p1a: Dragonite|Earthquake|p2a: Registeel\n|-supereffective|p2a: Registeel\n|-damage|p2a: Registeel|23/100\n|move|p2a: Registeel|Slack Off|p2a: Registeel\n|-heal|p2a: Registeel|73/100\n|\n|-heal|p2a: Registeel|79/100|[from] item: Leftovers\n|upkeep\n|turn|26\n|\n|t:|1790882559\n|move|p1a: Dragonite|Earthquake|p2a: Registeel\n|-supereffective|p2a: Registeel\n|-damage|p2a: Registeel|66/100\n|move|p2a: Registeel|Amnesia|p2a: Registeel\n|-boost|p2a: Registeel|spd|2\n|\n|-heal|p2a: Registeel|72/100|[from] item: Leftovers\n|upkeep\n|turn|27\n|\n|t:|1790882561\n|move|p1a: Dragonite|Earthquake|p2a: Registeel\n|-supereffective|p2a: Registeel\n|-damage|p2a: Registeel|60/100\n|move|p2a: Registeel|Slack Off|p2a: Registeel\n|-heal|p2a: Registeel|100/100\n|\n|upkeep\n|turn|28\n|\n|t:|1790882562\n|move|p1a: Dragonite|Earthquake|p2a: Registeel\n|-supereffective|p2a: Registeel\n|-damage|p2a: Registeel|88/100\n|move|p2a: Registeel|Velvet Press|p1a: Dragonite\n|-supereffective|p1a: Dragonite\n|-damage|p1a: Dragonite|0 fnt\n|faint|p1a: Dragonite\n|\n|-heal|p2a: Registeel|94/100|[from] item: Leftovers\n|upkeep\n|\n|t:|1790882563\n|switch|p1a: Flareon|Flareon|100/100\n|-damage|p1a: Flareon|76/100|[from] Stealth Rock\n|-status|p1a: Flareon|tox\n|turn|29\n|\n|t:|1790882564\n|move|p1a: Flareon|Flare Blitz|p2a: Registeel\n|-supereffective|p2a: Registeel\n|-damage|p2a: Registeel|43/100\n|-damage|p1a: Flareon|53/100 tox|[from] Recoil\n|move|p2a: Registeel|Velvet Press|p1a: Flareon\n|-resisted|p1a: Flareon\n|-damage|p1a: Flareon|0 fnt\n|faint|p1a: Flareon\n|\n|-heal|p2a: Registeel|49/100|[from] item: Leftovers\n|upkeep\n|\n|t:|1790882565\n|switch|p1a: Kingambit|Kingambit|55/100 tox\n|-damage|p1a: Kingambit|49/100 tox|[from] Stealth Rock\n|-activate|p1a: Kingambit|ability: Supreme Overlord\n|-start|p1a: Kingambit|fallen2|[silent]\n|turn|30\n|\n|t:|1790882577\n|-end|p1a: Kingambit|fallen2|[silent]\n|switch|p1a: Hatterene|Hatterene|100/100\n|-damage|p1a: Hatterene|88/100|[from] Stealth Rock\n|-status|p1a: Hatterene|tox\n|move|p2a: Registeel|Slack Off|p2a: Registeel\n|-heal|p2a: Registeel|99/100\n|\n|-heal|p2a: Registeel|100/100|[from] item: Leftovers\n|-damage|p1a: Hatterene|82/100 tox|[from] psn\n|upkeep\n|turn|31\n|\n|t:|1790882578\n|move|p2a: Registeel|Velvet Press|p1a: Hatterene\n|-damage|p1a: Hatterene|0 fnt\n|faint|p1a: Hatterene\n|\n|upkeep\n|\n|t:|1790882579\n|switch|p1a: Kingambit|Kingambit|49/100 tox\n|-damage|p1a: Kingambit|43/100 tox|[from] Stealth Rock\n|-activate|p1a: Kingambit|ability: Supreme Overlord\n|-start|p1a: Kingambit|fallen3|[silent]\n|turn|32\n|\n|t:|1790882580\n|-end|p1a: Kingambit|fallen3|[silent]\n|switch|p1a: Tapu Koko|Tapu Koko|88/100\n|-damage|p1a: Tapu Koko|76/100|[from] Stealth Rock\n|-status|p1a: Tapu Koko|tox\n|-fieldstart|move: Electric Terrain|[from] ability: Electric Surge|[of] p1a: Tapu Koko\n|move|p2a: Registeel|Velvet Press|p1a: Tapu Koko\n|-damage|p1a: Tapu Koko|0 fnt\n|faint|p1a: Tapu Koko\n|\n|upkeep\n|\n|t:|1790882580\n|switch|p1a: Kingambit|Kingambit|43/100 tox\n|-damage|p1a: Kingambit|37/100 tox|[from] Stealth Rock\n|-activate|p1a: Kingambit|ability: Supreme Overlord\n|-start|p1a: Kingambit|fallen4|[silent]\n|turn|33\n|\n|t:|1790882582\n|move|p2a: Registeel|Velvet Press|p1a: Kingambit\n|-damage|p1a: Kingambit|0 fnt\n|faint|p1a: Kingambit\n|-end|p1a: Kingambit|fallen4|[silent]\n|\n|upkeep\n|\n|t:|1790882582\n|switch|p1a: Garchomp|Garchomp|8/100 tox\n|-damage|p1a: Garchomp|1/100 tox|[from] Stealth Rock\n|turn|34\n|\n|t:|1790882583\n|move|p1a: Garchomp|Earthquake|p2a: Registeel\n|-supereffective|p2a: Registeel\n|-damage|p2a: Registeel|87/100\n|move|p2a: Registeel|Velvet Press|p1a: Garchomp\n|-supereffective|p1a: Garchomp\n|-damage|p1a: Garchomp|0 fnt\n|faint|p1a: Garchomp\n|\n|win|SlimeQueenSamantha\n",
	"inputlog": ">start {\"formatid\":\"gen9rpou\",\"seed\":\"sodium,98ffae645030d066bf662503db84fab9\",\"rated\":\"Rated battle\"}\n>player p1 {\"name\":\"Bunny Stockfish\",\"avatar\":\"bunny.png\",\"team\":\"Kingambit||AirBalloon|SupremeOverlord|CarrionFeast,SuckerPunch,KowtowCleave,IronHead|Adamant|252,252,,,4,|N||||,,,,,Flying]Garchomp||RockyHelmet|RoughSkin|Earthquake,DragonTail,StealthRock,Spikes|Impish|252,,216,,,40|N||||,,,,,Fairy]Tapu Koko||LifeOrb|ElectricSurge|UilaSurge,VelvetPress,CalmMind,SupercellSlam|Timid|,,,252,4,252|N|,0,,,,|||,,,,,Electric]Dragonite||HeavyDutyBoots|Multiscale|DragonDance,Outrage,Earthquake,Roost|Jolly|,252,4,,,252|N||||,,,,,Fairy]Flareon||ChoiceBand|KindledFury|FlareBlitz,CloseCombat,Facade,KnockOff|Adamant|,252,4,,,252|N||||,,,,,Normal]Hatterene||RockyHelmet|MagicBounce|PsychicNoise,DrainingKiss,PainSplit,VelvetPress|Bold|252,,204,,,52|N|,0,,,,|||,,,,,Water\",\"rating\":1335}\n>player p2 {\"name\":\"SlimeQueenSamantha\",\"avatar\":\"queen.png\",\"team\":\"Lugia||HeavyDutyBoots|Multiscale|CalmMind,AirSlash,EarthPower,Recover|Timid|248,,8,,,252|N|,0,,,,|||,,,,,Ground]Blissey||HeavyDutyBoots|Caretaker|SoftBoiled,StealthRock,Toxic,SeismicToss|Bold|252,,252,,4,|N|,0,,,,|S||,,,,,Water]Registeel||Leftovers|Unaware|SlackOff,IronDefense,Amnesia,velvetpress|Calm|252,,,4,252,|N|,0,,,,|||,,,,,Fairy]Umbreon||Leftovers|MoonlitVenom|Recover,Toxic,KnockOff,Teleport|Careful|252,4,,,252,|N||||,,,,,Poison]Spiritomb||Leftovers|KeystoneLegion|soultoll,StrengthSap,PartingShot,WillOWisp|Careful|252,4,,,252,|N||S||,,,,,Dragon]Clodsire||HeavyDutyBoots|WaterAbsorb|ToxicSpikes,Punishment,Earthquake,Recover|Careful|248,8,244,,8,|N||||,,,,,Fire\",\"rating\":1534}\n>chat ☆Bunny Stockfish|Good luck! Playing on **stockfish**.\n>p1 team 2, 3, 4, 5, 1, 6\n>p2 team 2, 1, 3, 4, 5, 6\n>p1 move earthquake\n>p2 move toxic\n>p1 move earthquake dynamax\n>p2 move softboiled\n>p1 move earthquake dynamax\n>p2 move softboiled\n>p1 move earthquake dynamax\n>p2 move softboiled\n>p1 move earthquake\n>p2 move toxic\n>p1 move earthquake\n>p2 move softboiled\n>p1 move earthquake\n>p2 move softboiled\n>p1 move earthquake\n>p2 move softboiled\n>p1 move earthquake\n>p2 move softboiled\n>p1 switch 5\n>p2 move stealthrock\n>p1 move kowtowcleave\n>p2 switch 4\n>p1 move ironhead\n>p2 move toxic\n>p1 move ironhead\n>p2 move recover\n>p1 move ironhead\n>p2 move knockoff\n>p1 switch 2\n>p2 move recover\n>p1 move calmmind\n>p2 switch 6\n>p1 switch 3\n>p2 move toxicspikes\n>p1 move outrage\n>p2 move toxicspikes\n>p1 move outrage\n>p2 switch 3\n>p1 move dragondance\n>p2 move irondefense\n>p1 move dragondance\n>p2 move irondefense\n>p1 move dragondance\n>p2 move irondefense\n>p1 move earthquake\n>p2 move amnesia\n>p1 move earthquake\n>p2 move amnesia\n>p1 move earthquake\n>p2 move slackoff\n>p1 move earthquake\n>p2 move amnesia\n>p1 move earthquake\n>p2 move slackoff\n>p1 move earthquake\n>p2 move velvetpress\n>p1 switch 4\n>p1 move flareblitz\n>p2 move velvetpress\n>p1 switch 2\n>p1 switch 6\n>p2 move slackoff\n>p1 move painsplit\n>p2 move velvetpress\n>p1 switch 6\n>p1 switch 3\n>p2 move velvetpress\n>p1 switch 3\n>p1 move kowtowcleave\n>p2 move velvetpress\n>p1 switch 5\n>p1 move earthquake\n>p2 move velvetpress",
	"uploadtime": 1790882583
}