{
	"id": "gen9rpou-16-tliry4",
	"format": "[Gen 9] RP OU",
	"players": [
		"Bunny Stockfish",
		"SlimeQueenSamantha"
	],
	"rating": null,
	"log": "|j|☆Bunny Stockfish\n|j|☆SlimeQueenSamantha\n|t:|1789669094\n|gametype|singles\n|player|p1|Bunny Stockfish|bunny.png|1332\n|player|p2|SlimeQueenSamantha|queen.png|1587\n|gen|9\n|tier|[Gen 9] RP OU\n|rated|\n|rule|HP Percentage Mod: HP is shown in percentages\n|rule|Endless Battle Clause: Forcing endless battles is banned\n|rule|Species Clause: Limit one of each Pokémon\n|rule|OHKO Clause: OHKO moves are banned\n|rule|Evasion Clause: Evasion abilities, items, and moves are banned\n|rule|Evasion Abilities Clause: Evasion abilities are banned\n|rule|Evasion Items Clause: Evasion items are banned\n|rule|Evasion Moves Clause: Evasion moves are banned\n|rule|Sleep Clause Mod: Limit one foe put to sleep\n|clearpoke\n|poke|p1|Iron Valiant|\n|poke|p1|Mimikyu|\n|poke|p1|Dragonite|\n|poke|p1|Ting-Lu|\n|poke|p1|Cinderace|\n|poke|p1|Moltres|\n|poke|p2|Spiritomb|\n|poke|p2|Glaceon|\n|poke|p2|Garchomp|\n|poke|p2|Roserade|\n|poke|p2|Togekiss|\n|poke|p2|Lucario|\n|teampreview\n|c|☆Bunny Stockfish|Good luck! Playing on **stockfish**.\n|\n|t:|1789669096\n|teamsize|p1|6\n|teamsize|p2|6\n|start\n|switch|p1a: Dragonite|Dragonite|100/100\n|switch|p2a: Garchomp|Garchomp|100/100\n|turn|1\n|\n|t:|1789669098\n|detailschange|p1a: Dragonite|Dragonite-Mega\n|-mega|p1a: Dragonite|Dragonite|Dragoninite\n|move|p2a: Garchomp|Dragon Tail|p1a: Dragonite\n|-supereffective|p1a: Dragonite\n|-damage|p1a: Dragonite|79/100\n|drag|p1a: Ting-Lu|Ting-Lu|100/100\n|-ability|p1a: Ting-Lu|Vessel of Ruin\n|\n|upkeep\n|turn|2\n|\n|t:|1789669100\n|-start|p1a: Ting-Lu|Dynamax|\n|-heal|p1a: Ting-Lu|100/100|[silent]\n|move|p2a: Garchomp|Spikes|p1a: Ting-Lu\n|-sidestart|p1: Bunny Stockfish|Spikes\n|move|p1a: Ting-Lu|Max Darkness|p2a: Garchomp\n|-damage|p2a: Garchomp|83/100\n|-unboost|p2a: Garchomp|spd|1\n|\n|upkeep\n|turn|3\n|\n|t:|1789669102\n|move|p2a: Garchomp|Stealth Rock|p1a: Ting-Lu\n|-sidestart|p1: Bunny Stockfish|move: Stealth Rock\n|move|p1a: Ting-Lu|Max Darkness|p2a: Garchomp\n|-damage|p2a: Garchomp|53/100\n|-unboost|p2a: Garchomp|spd|1\n|\n|upkeep\n|turn|4\n|\n|t:|1789669103\n|move|p2a: Garchomp|Spikes|p1a: Ting-Lu\n|-sidestart|p1: Bunny Stockfish|Spikes\n|move|p1a: Ting-Lu|Max Quake|p2a: Garchomp\n|-damage|p2a: Garchomp|25/100\n|-boost|p1a: Ting-Lu|spd|1\n|\n|upkeep\n|-end|p1a: Ting-Lu|Dynamax\n|-heal|p1a: Ting-Lu|100/100|[silent]\n|turn|5\n|\n|t:|1789669105\n|move|p2a: Garchomp|Spikes|p1a: Ting-Lu\n|-sidestart|p1: Bunny Stockfish|Spikes\n|move|p1a: Ting-Lu|Earthquake|p2a: Garchomp\n|-damage|p2a: Garchomp|2/100\n|\n|upkeep\n|turn|6\n|\n|t:|1789669108\n|move|p2a: Garchomp|Earthquake|p1a: Ting-Lu\n|-damage|p1a: Ting-Lu|76/100\n|move|p1a: Ting-Lu|Earthquake|p2a: Garchomp\n|-damage|p2a: Garchomp|0 fnt\n|faint|p2a: Garchomp\n|\n|-heal|p1a: Ting-Lu|82/100|[from] item: Leftovers\n|upkeep\n|\n|t:|1789669111\n|switch|p2a: Roserade|Roserade|100/100\n|-ability|p2a: Roserade|Masquerade\n|-start|p1a: Ting-Lu|move: Taunt\n|turn|7\n|\n|t:|1789669113\n|move|p2a: Roserade|Nasty Plot|p2a: Roserade\n|-boost|p2a: Roserade|spa|2\n|move|p1a: Ting-Lu|Earthquake|p2a: Roserade\n|-damage|p2a: Roserade|40/100\n|\n|-heal|p1a: Ting-Lu|88/100|[from] item: Leftovers\n|upkeep\n|turn|8\n|\n|t:|1789669117\n|move|p2a: Roserade|Thorned Bouquet|p1a: Ting-Lu\n|-supereffective|p1a: Ting-Lu\n|-damage|p1a: Ting-Lu|42/100\n|-heal|p2a: Roserade|82/100|[from] drain|[of] p1a: Ting-Lu\n|-status|p1a: Ting-Lu|psn\n|move|p1a: Ting-Lu|Earthquake|p2a: Roserade\n|-damage|p2a: Roserade|18/100\n|\n|-heal|p1a: Ting-Lu|48/100 psn|[from] item: Leftovers\n|-damage|p1a: Ting-Lu|35/100 psn|[from] psn\n|upkeep\n|turn|9\n|\n|t:|1789669123\n|move|p2a: Roserade|Thorned Bouquet|p1a: Ting-Lu\n|-damage|p1a: Ting-Lu|11/100 psn\n|-heal|p2a: Roserade|40/100|[from] drain|[of] p1a: Ting-Lu\n|move|p1a: Ting-Lu|Earthquake|p2a: Roserade\n|-damage|p2a: Roserade|0 fnt\n|faint|p2a: Roserade\n|\n|-heal|p1a: Ting-Lu|17/100 psn|[from] item: Leftovers\n|-damage|p1a: Ting-Lu|5/100 psn|[from] psn\n|upkeep\n|\n|t:|1789669127\n|switch|p2a: Lucario|Lucario|100/100\n|turn|10\n|\n|t:|1789669130\n|detailschange|p2a: Lucario|Lucario-Mega-Z\n|-mega|p2a: Lucario|Lucario|Lucarionite Z\n|move|p2a: Lucario|Aura Sphere|p1a: Ting-Lu\n|-supereffective|p1a: Ting-Lu\n|-damage|p1a: Ting-Lu|0 fnt\n|faint|p1a: Ting-Lu\n|\n|upkeep\n|\n|t:|1789669130\n|switch|p1a: Cinderace|Cinderace|100/100\n|turn|11\n|\n|t:|1789669133\n|-terastallize|p1a: Cinderace|Fire\n|move|p2a: Lucario|Aura Sphere|p1a: Cinderace\n|-damage|p1a: Cinderace|43/100\n|move|p1a: Cinderace|Pyro Ball|p2a: Lucario\n|-supereffective|p2a: Lucario\n|-damage|p2a: Lucario|0 fnt\n|faint|p2a: Lucario\n|detailschange|p2: Lucario|Lucario|[silent]\n|\n|upkeep\n|\n|t:|1789669136\n|switch|p2a: Glaceon|Glaceon|100/100\n|-weather|Snowscape|[from] ability: Diamond Dust|[of] p2a: Glaceon\n|turn|12\n|\n|t:|1789669137\n|move|p2a: Glaceon|Earth Power|p1a: Cinderace\n|-supereffective|p1a: Cinderace\n|-damage|p1a: Cinderace|0 fnt\n|faint|p1a: Cinderace\n|-damage|p2a: Glaceon|91/100|[from] item: Life Orb\n|\n|-weather|Snowscape|[upkeep]\n|upkeep\n|\n|t:|1789669137\n|switch|p1a: Moltres|Moltres|100/100\n|turn|13\n|\n|t:|1789669143\n|move|p2a: Glaceon|Aurora Veil|p2a: Glaceon\n|-sidestart|p2: SlimeQueenSamantha|move: Aurora Veil\n|move|p1a: Moltres|Flamethrower|p2a: Glaceon\n|-supereffective|p2a: Glaceon\n|-damage|p2a: Glaceon|43/100\n|\n|-weather|Snowscape|[upkeep]\n|upkeep\n|turn|14\n|\n|t:|1789669145\n|move|p2a: Glaceon|Blizzard|p1a: Moltres\n|-damage|p1a: Moltres|21/100\n|-damage|p2a: Glaceon|33/100|[from] item: Life Orb\n|move|p1a: Moltres|Flamethrower|p2a: Glaceon\n|-supereffective|p2a: Glaceon\n|-damage|p2a: Glaceon|0 fnt\n|faint|p2a: Glaceon\n|\n|-weather|Snowscape|[upkeep]\n|upkeep\n|\n|t:|1789669148\n|switch|p2a: Togekiss|Togekiss|100/100\n|turn|15\n|\n|t:|1789669150\n|switch|p1a: Dragonite|Dragonite-Mega|79/100\n|-damage|p1a: Dragonite|54/100|[from] Stealth Rock\n|move|p2a: Togekiss|Air Slash|p1a: Dragonite\n|-damage|p1a: Dragonite|26/100\n|\n|-weather|Snowscape|[upkeep]\n|upkeep\n|turn|16\n|\n|t:|1789669152\n|move|p2a: Togekiss|Air Slash|p1a: Dragonite\n|-damage|p1a: Dragonite|0 fnt\n|faint|p1a: Dragonite\n|detailschange|p1: Dragonite|Dragonite|[silent]\n|\n|-weather|none\n|upkeep\n|\n|t:|1789669152\n|switch|p1a: Mimikyu|Mimikyu|100/100\n|-damage|p1a: Mimikyu|76/100|[from] Spikes\n|-damage|p1a: Mimikyu|63/100|[from] Stealth Rock\n|turn|17\n|\n|t:|1789669154\n|move|p2a: Togekiss|Air Slash|p1a: Mimikyu\n|-activate|p1a: Mimikyu|ability: Disguise\n|-damage|p1a: Mimikyu|63/100\n|detailschange|p1a: Mimikyu|Mimikyu-Busted\n|-damage|p1a: Mimikyu|51/100|[from] pokemon: Mimikyu-Busted\n|cant|p1a: Mimikyu|flinch\n|\n|-sideend|p2: SlimeQueenSamantha|move: Aurora Veil\n|upkeep\n|turn|18\n|\n|t:|1789669155\n|move|p2a: Togekiss|Air Slash|p1a: Mimikyu\n|-damage|p1a: Mimikyu|0 fnt\n|faint|p1a: Mimikyu\n|\n|upkeep\n|\n|t:|1789669155\n|switch|p1a: Iron Valiant|Iron Valiant|100/100\n|-damage|p1a: Iron Valiant|76/100|[from] Spikes\n|-damage|p1a: Iron Valiant|69/100|[from] Stealth Rock\n|turn|19\n|\n|t:|1789669157\n|move|p2a: Togekiss|Air Slash|p1a: Iron Valiant\n|-supereffective|p1a: Iron Valiant\n|-damage|p1a: Iron Valiant|0 fnt\n|faint|p1a: Iron Valiant\n|-end|p1a: Iron Valiant|Quark Drive|[silent]\n|\n|upkeep\n|\n|t:|1789669157\n|switch|p1a: Moltres|Moltres|21/100\n|turn|20\n|\n|t:|1789669158\n|move|p2a: Togekiss|Air Slash|p1a: Moltres\n|-damage|p1a: Moltres|0 fnt\n|faint|p1a: Moltres\n|\n|win|SlimeQueenSamantha\n",
	"inputlog": ">start {\"formatid\":\"gen9rpou\",\"seed\":\"sodium,b8f0fa332a6c49816bd5236b52aafc8d\",\"rated\":\"Rated battle\"}\n>player p1 {\"name\":\"Bunny Stockfish\",\"avatar\":\"bunny.png\",\"team\":\"Iron Valiant||ChoiceSpecs|QuarkDrive|Moonblast,ShadowBall,Thunderbolt,VacuumWave|Timid|,,,252,4,252|N||||,,,,,Fairy]Mimikyu||LifeOrb|Disguise|SwordsDance,PlayRough,ShadowClaw,ShadowSneak|Jolly|,252,,,4,252|N||||,,,,,Ghost]Dragonite||Dragoninite|Multiscale|DragonTail,ExtremeSpeed,Earthquake,Roost|Adamant|252,240,,,,16|N||||,,,,,Normal]Ting-Lu||Leftovers|VesselofRuin|Rest,Earthquake,Ruination,StealthRock|Careful|252,,4,,252,|N||||,,,,,Water]Cinderace||HeavyDutyBoots|Blaze|PyroBall,Uturn,CourtChange,WillOWisp|Jolly|224,32,,,,252|N||||,,,G,,Fire]Moltres||HeavyDutyBoots|FlameBody|Flamethrower,Roost,Uturn,Roar|Bold|248,,248,,,12|N||||,,,,,Grass\",\"rating\":1332}\n>player p2 {\"name\":\"SlimeQueenSamantha\",\"avatar\":\"queen.png\",\"team\":\"Spiritomb||Leftovers|KeystoneLegion|SoulToll,StrengthSap,PartingShot,WillOWisp|Calm|252,,4,,252,|N||||,,,,,Fairy]Glaceon||LifeOrb|DiamondDust|Blizzard,FreezeDry,AuroraVeil,EarthPower|Modest|,,4,252,,252|N|,0,,,,|||,,,,,Ice]Garchomp||RockyHelmet|RoughSkin|Earthquake,DragonTail,StealthRock,Spikes|Impish|252,,216,,,40|N||||,,,,,Ghost]Roserade||HeavyDutyBoots|Masquerade|ThornedBouquet,Oxidize,NastyPlot,MortalSpin|Timid|,,,252,4,252|N||||,,,,,Water]Togekiss||ChoiceScarf|SereneGrace|AirSlash,Uturn,AlluringVoice,Flamethrower|Timid|,,,252,4,252|N||||,,,,,Flying]Lucario||LucarioniteZ|Steadfast|NastyPlot,AuraSphere,FlashCannon,HiddenPowerIce|Timid|,,,252,,252|N|,0,,,,|||,Ice,,,,Ghost\",\"rating\":1587}\n>chat ☆Bunny Stockfish|Good luck! Playing on **stockfish**.\n>p1 team 3, 5, 1, 2, 6, 4\n>p2 team 3, 2, 1, 4, 5, 6\n>p1 move dragontail mega\n>p2 move dragontail\n>p1 move ruination dynamax\n>p2 move spikes\n>p1 move ruination dynamax\n>p2 move stealthrock\n>p1 move earthquake dynamax\n>p2 move spikes\n>p1 move earthquake\n>p2 move spikes\n>p1 move earthquake\n>p2 move earthquake\n>p2 switch 4\n>p1 move earthquake\n>p2 move nastyplot\n>p1 move earthquake\n>p2 move thornedbouquet\n>p1 move earthquake\n>p2 move thornedbouquet\n>p2 switch 6\n>p1 move earthquake\n>p2 move aurasphere mega\n>p1 switch 2\n>p1 move pyroball terastallize\n>p2 move aurasphere\n>p2 switch 2\n>p1 move pyroball\n>p2 move earthpower\n>p1 switch 5\n>p1 move flamethrower\n>p2 move auroraveil\n>p1 move flamethrower\n>p2 move blizzard\n>p2 switch 5\n>p1 switch 6\n>p2 move airslash\n>p1 move roost\n>p2 move airslash\n>p1 switch 4\n>p1 move playrough\n>p2 move airslash\n>p1 move playrough\n>p2 move airslash\n>p1 switch 3\n>p1 move thunderbolt\n>p2 move airslash\n>p1 switch 6\n>p1 move flamethrower\n>p2 move airslash",
	"uploadtime": 1789669158
}