{
	"id": "gen9rpou-11-tliry4",
	"format": "[Gen 9] RP OU",
	"players": [
		"Bunny Stockfish",
		"SlimeQueenSamantha"
	],
	"rating": null,
	"log": "|j|☆Bunny Stockfish\n|j|☆SlimeQueenSamantha\n|t:|1789668722\n|gametype|singles\n|player|p1|Bunny Stockfish|bunny.png|1332\n|player|p2|SlimeQueenSamantha|queen.png|1545\n|gen|9\n|tier|[Gen 9] RP OU\n|rated|\n|rule|HP Percentage Mod: HP is shown in percentages\n|rule|Endless Battle Clause: Forcing endless battles is banned\n|rule|Species Clause: Limit one of each Pokémon\n|rule|OHKO Clause: OHKO moves are banned\n|rule|Evasion Clause: Evasion abilities, items, and moves are banned\n|rule|Evasion Abilities Clause: Evasion abilities are banned\n|rule|Evasion Items Clause: Evasion items are banned\n|rule|Evasion Moves Clause: Evasion moves are banned\n|rule|Sleep Clause Mod: Limit one foe put to sleep\n|clearpoke\n|poke|p1|Iron Treads|\n|poke|p1|Hatterene|\n|poke|p1|Kingambit|\n|poke|p1|Iron Valiant|\n|poke|p1|Blaziken|\n|poke|p1|Serperior|\n|poke|p2|Spiritomb|\n|poke|p2|Glaceon|\n|poke|p2|Garchomp|\n|poke|p2|Roserade|\n|poke|p2|Togekiss|\n|poke|p2|Lucario|\n|teampreview\n|c|☆Bunny Stockfish|Good luck! Playing on **stockfish**.\n|\n|t:|1789668744\n|teamsize|p1|6\n|teamsize|p2|6\n|start\n|switch|p1a: Iron Treads|Iron Treads|100/100\n|switch|p2a: Roserade|Roserade|100/100\n|-ability|p2a: Roserade|Masquerade\n|-start|p1a: Iron Treads|move: Taunt\n|-enditem|p1a: Iron Treads|Booster Energy\n|-activate|p1a: Iron Treads|ability: Quark Drive|[fromitem]\n|-start|p1a: Iron Treads|quarkdrivespe\n|turn|1\n|\n|t:|1789668752\n|-end|p1a: Iron Treads|Quark Drive|[silent]\n|switch|p1a: Blaziken|Blaziken|100/100\n|-item|p1a: Blaziken|Air Balloon\n|move|p2a: Roserade|Nasty Plot|p2a: Roserade\n|-boost|p2a: Roserade|spa|2\n|\n|upkeep\n|turn|2\n|\n|t:|1789668756\n|-start|p2a: Roserade|Dynamax|\n|-heal|p2a: Roserade|100/100|[silent]\n|-start|p1a: Blaziken|Dynamax|\n|-heal|p1a: Blaziken|100/100|[silent]\n|move|p2a: Roserade|Max Ooze|p1a: Blaziken\n|-damage|p1a: Blaziken|40/100\n|-boost|p2a: Roserade|spa|1\n|-enditem|p1a: Blaziken|Air Balloon\n|move|p1a: Blaziken|Max Flare|p2a: Roserade\n|-supereffective|p2a: Roserade\n|-damage|p2a: Roserade|0 fnt\n|-weather|SunnyDay\n|faint|p2a: Roserade\n|\n|-weather|SunnyDay|[upkeep]\n|-ability|p1a: Blaziken|Speed Boost|boost\n|-boost|p1a: Blaziken|spe|1\n|upkeep\n|\n|t:|1789668770\n|switch|p2a: Togekiss|Togekiss|100/100\n|turn|3\n|\n|t:|1789668771\n|-end|p1a: Blaziken|Dynamax\n|-heal|p1a: Blaziken|40/100|[silent]\n|switch|p1a: Iron Treads|Iron Treads|100/100\n|move|p2a: Togekiss|Air Slash|p1a: Iron Treads\n|-resisted|p1a: Iron Treads\n|-damage|p1a: Iron Treads|76/100\n|\n|-weather|SunnyDay|[upkeep]\n|upkeep\n|turn|4\n|\n|t:|1789668777\n|switch|p2a: Garchomp|Garchomp|100/100\n|move|p1a: Iron Treads|Steel Beam|p2a: Garchomp|[miss]\n|-miss|p1a: Iron Treads|p2a: Garchomp\n|-damage|p1a: Iron Treads|26/100|[from] steelbeam\n|\n|-weather|SunnyDay|[upkeep]\n|upkeep\n|turn|5\n|\n|t:|1789668779\n|move|p1a: Iron Treads|Steel Beam|p2a: Garchomp\n|-damage|p2a: Garchomp|55/100\n|-damage|p1a: Iron Treads|0 fnt|[from] steelbeam\n|faint|p1a: Iron Treads\n|-end|p1a: Iron Treads|Quark Drive|[silent]\n|move|p2a: Garchomp|Earthquake|p1: Iron Treads|[notarget]\n|-fail|p2a: Garchomp\n|\n|-weather|SunnyDay|[upkeep]\n|upkeep\n|\n|t:|1789668779\n|switch|p1a: Iron Valiant|Iron Valiant|100/100\n|-enditem|p1a: Iron Valiant|Booster Energy\n|-activate|p1a: Iron Valiant|ability: Quark Drive|[fromitem]\n|-start|p1a: Iron Valiant|quarkdrivespe\n|turn|6\n|\n|t:|1789668785\n|move|p1a: Iron Valiant|Moonblast|p2a: Garchomp\n|-supereffective|p2a: Garchomp\n|-damage|p2a: Garchomp|0 fnt\n|faint|p2a: Garchomp\n|\n|-weather|none\n|upkeep\n|\n|t:|1789668789\n|switch|p2a: Glaceon|Glaceon|100/100\n|-weather|Snowscape|[from] ability: Diamond Dust|[of] p2a: Glaceon\n|turn|7\n|\n|t:|1789668793\n|-terastallize|p1a: Iron Valiant|Steel\n|-terastallize|p2a: Glaceon|Ice\n|move|p1a: Iron Valiant|Close Combat|p2a: Glaceon\n|-supereffective|p2a: Glaceon\n|-damage|p2a: Glaceon|18/100\n|-unboost|p1a: Iron Valiant|def|1\n|-unboost|p1a: Iron Valiant|spd|1\n|move|p2a: Glaceon|Blizzard|p1a: Iron Valiant\n|-resisted|p1a: Iron Valiant\n|-damage|p1a: Iron Valiant|0 fnt\n|faint|p1a: Iron Valiant\n|-end|p1a: Iron Valiant|Quark Drive|[silent]\n|-damage|p2a: Glaceon|8/100|[from] item: Life Orb\n|\n|-weather|Snowscape|[upkeep]\n|upkeep\n|\n|t:|1789668793\n|switch|p1a: Blaziken|Blaziken|40/100\n|turn|8\n|\n|t:|1789668799\n|move|p2a: Glaceon|Earth Power|p1a: Blaziken\n|-supereffective|p1a: Blaziken\n|-damage|p1a: Blaziken|0 fnt\n|faint|p1a: Blaziken\n|-damage|p2a: Glaceon|0 fnt|[from] item: Life Orb\n|faint|p2a: Glaceon\n|\n|-weather|Snowscape|[upkeep]\n|upkeep\n|\n|t:|1789668806\n|switch|p1a: Serperior|Serperior|100/100\n|switch|p2a: Togekiss|Togekiss|100/100\n|turn|9\n|\n|t:|1789668808\n|switch|p1a: Kingambit|Kingambit|100/100\n|-activate|p1a: Kingambit|ability: Supreme Overlord\n|-start|p1a: Kingambit|fallen3|[silent]\n|move|p2a: Togekiss|U-turn|p1a: Kingambit\n|-damage|p1a: Kingambit|95/100\n|\n|t:|1789668810\n|switch|p2a: Lucario|Lucario|100/100|[from] U-turn\n|\n|-weather|Snowscape|[upkeep]\n|-heal|p1a: Kingambit|100/100|[from] item: Leftovers\n|upkeep\n|turn|10\n|\n|t:|1789668813\n|detailschange|p2a: Lucario|Lucario-Mega-Z\n|-mega|p2a: Lucario|Lucario|Lucarionite Z\n|move|p1a: Kingambit|Sucker Punch||[still]\n|-fail|p1a: Kingambit\n|move|p2a: Lucario|Nasty Plot|p2a: Lucario\n|-boost|p2a: Lucario|spa|2\n|\n|-weather|Snowscape|[upkeep]\n|upkeep\n|turn|11\n|\n|t:|1789668816\n|move|p2a: Lucario|Aura Sphere|p1a: Kingambit\n|-supereffective|p1a: Kingambit\n|-damage|p1a: Kingambit|0 fnt\n|faint|p1a: Kingambit\n|-end|p1a: Kingambit|fallen3|[silent]\n|\n|-weather|none\n|upkeep\n|\n|t:|1789668816\n|switch|p1a: Hatterene|Hatterene|100/100\n|turn|12\n|\n|t:|1789668818\n|move|p2a: Lucario|Flash Cannon|p1a: Hatterene\n|-supereffective|p1a: Hatterene\n|-damage|p1a: Hatterene|0 fnt\n|faint|p1a: Hatterene\n|\n|upkeep\n|\n|t:|1789668818\n|switch|p1a: Serperior|Serperior|100/100\n|turn|13\n|\n|t:|1789668820\n|move|p1a: Serperior|Glare|p2a: Lucario\n|-status|p2a: Lucario|par\n|cant|p2a: Lucario|par\n|\n|upkeep\n|turn|14\n|\n|t:|1789668822\n|move|p1a: Serperior|Glare|p2a: Lucario\n|-fail|p2a: Lucario|par\n|cant|p2a: Lucario|par\n|\n|upkeep\n|turn|15\n|\n|t:|1789668824\n|move|p1a: Serperior|Glare|p2a: Lucario\n|-fail|p2a: Lucario|par\n|move|p2a: Lucario|Hidden Power|p1a: Serperior\n|-supereffective|p1a: Serperior\n|-damage|p1a: Serperior|0 fnt\n|faint|p1a: Serperior\n|\n|win|SlimeQueenSamantha\n",
	"inputlog": ">start {\"formatid\":\"gen9rpou\",\"seed\":\"sodium,950901f95df46ff4fa60d0bb4d694cce\",\"rated\":\"Rated battle\"}\n>player p1 {\"name\":\"Bunny Stockfish\",\"avatar\":\"bunny.png\",\"team\":\"Iron Treads||BoosterEnergy|QuarkDrive|StealthRock,RapidSpin,Earthquake,SteelBeam|Timid|,,,252,4,252|N||||,,,,,Ghost]Hatterene||Leftovers|MagicBounce|CalmMind,DrainingKiss,Psyshock,Nuzzle|Bold|252,,204,,,52|N||||,,,G,,Water]Kingambit||Leftovers|SupremeOverlord|CarrionFeast,SuckerPunch,KowtowCleave,IronHead|Adamant|252,252,,,4,|N||||,,,,,Dark]Iron Valiant||BoosterEnergy|QuarkDrive|Moonblast,CloseCombat,KnockOff,DestinyBond|Naive|,4,,252,,252|N||||,,,,,Steel]Blaziken||AirBalloon|SpeedBoost|SwordsDance,CloseCombat,FlareBlitz,KnockOff|Jolly|,252,4,,,252|N||||,,,,,Ghost]Serperior||ChoiceScarf|Contrary|LeafStorm,KnockOff,GigaDrain,Glare|Timid|,,,252,4,252|N||||,,,,,Grass\",\"rating\":1332}\n>player p2 {\"name\":\"SlimeQueenSamantha\",\"avatar\":\"queen.png\",\"team\":\"Spiritomb||Leftovers|KeystoneLegion|SoulToll,StrengthSap,PartingShot,WillOWisp|Calm|252,,4,,252,|N||||,,,,,Fairy]Glaceon||LifeOrb|DiamondDust|Blizzard,FreezeDry,AuroraVeil,EarthPower|Modest|,,4,252,,252|N|,0,,,,|||,,,,,Ice]Garchomp||RockyHelmet|RoughSkin|Earthquake,DragonTail,StealthRock,Spikes|Impish|252,,216,,,40|N||||,,,,,Ghost]Roserade||HeavyDutyBoots|Masquerade|ThornedBouquet,Oxidize,NastyPlot,MortalSpin|Timid|,,,252,4,252|N||||,,,,,Water]Togekiss||ChoiceScarf|SereneGrace|AirSlash,Uturn,AlluringVoice,Flamethrower|Timid|,,,252,4,252|N||||,,,,,Flying]Lucario||LucarioniteZ|Steadfast|NastyPlot,AuraSphere,FlashCannon,HiddenPowerIce|Timid|,,,252,,252|N|,0,,,,|||,Ice,,,,Ghost\",\"rating\":1545}\n>chat ☆Bunny Stockfish|Good luck! Playing on **stockfish**.\n>p1 team 1, 4, 6, 5, 3, 2\n>p2 team 4, 2, 3, 1, 5, 6\n>p1 switch 4\n>p2 move nastyplot\n>p1 move flareblitz dynamax\n>p2 move oxidize dynamax\n>p2 switch 5\n>p1 switch 4\n>p2 move airslash\n>p1 move steelbeam\n>p2 switch 3\n>p1 move steelbeam\n>p2 move earthquake\n>p1 switch 2\n>p1 move moonblast\n>p2 move stealthrock\n>p2 switch 2\n>p1 move closecombat terastallize\n>p2 move blizzard terastallize\n>p1 switch 4\n>p1 move closecombat\n>p2 move earthpower\n>p1 switch 3\n>p2 switch 3\n>p1 switch 5\n>p2 move uturn\n>p2 switch 6\n>p1 move suckerpunch\n>p2 move nastyplot mega\n>p1 move kowtowcleave\n>p2 move aurasphere\n>p1 switch 6\n>p1 move calmmind\n>p2 move flashcannon\n>p1 switch 5\n>p1 move glare\n>p2 move hiddenpower\n>p1 move glare\n>p2 move hiddenpower\n>p1 move glare\n>p2 move hiddenpower",
	"uploadtime": 1789668824
}