{
	"id": "gen9randombattle-2-tlqlk6",
	"format": "[Gen 9] Random Battle",
	"players": [
		"Bunny Easy",
		"Keiko_Sama"
	],
	"rating": null,
	"log": "|j|☆Bunny Easy\n|j|☆Keiko_Sama\n|t:|1790032856\n|gametype|singles\n|player|p1|Bunny Easy|bunny.png|1047\n|player|p2|Keiko_Sama|keiko-yume.png|1000\n|gen|9\n|tier|[Gen 9] Random Battle\n|rated|\n|rule|Species Clause: Limit one of each Pokémon\n|rule|HP Percentage Mod: HP is shown in percentages\n|rule|Sleep Clause Mod: Limit one foe put to sleep\n|rule|Illusion Level Mod: Illusion disguises the Pokémon's true level\n|\n|t:|1790032856\n|teamsize|p1|6\n|teamsize|p2|6\n|start\n|switch|p1a: Oranguru|Oranguru, L92, M|315/315\n|switch|p2a: Chansey|Chansey, L85, F|564/564\n|turn|1\n|c|☆Bunny Easy|Good luck! Playing on **easy**.\n|\n|t:|1790032874\n|move|p1a: Oranguru|Focus Blast|p2a: Chansey\n|-supereffective|p2a: Chansey\n|-damage|p2a: Chansey|456/564\n|move|p2a: Chansey|Seismic Toss|p1a: Oranguru\n|-damage|p1a: Oranguru|230/315\n|\n|-heal|p1a: Oranguru|249/315|[from] item: Leftovers\n|upkeep\n|turn|2\n|\n|t:|1790032895\n|move|p1a: Oranguru|Psychic|p2a: Chansey\n|-damage|p2a: Chansey|389/564\n|move|p2a: Chansey|Seismic Toss|p1a: Oranguru\n|-damage|p1a: Oranguru|164/315\n|\n|-heal|p1a: Oranguru|183/315|[from] item: Leftovers\n|upkeep\n|turn|3\n|\n|t:|1790032905\n|move|p1a: Oranguru|Psychic|p2a: Chansey\n|-damage|p2a: Chansey|332/564\n|move|p2a: Chansey|Thunder Wave|p1a: Oranguru|[miss]\n|-miss|p2a: Chansey|p1a: Oranguru\n|\n|-heal|p1a: Oranguru|202/315|[from] item: Leftovers\n|upkeep\n|turn|4\n|\n|t:|1790032926\n|switch|p2a: Ditto|Ditto, L87|225/225\n|-transform|p2a: Ditto|p1a: Oranguru|[from] ability: Imposter\n|move|p1a: Oranguru|Psychic|p2a: Ditto\n|-resisted|p2a: Ditto\n|-crit|p2a: Ditto\n|-damage|p2a: Ditto|160/225\n|-unboost|p2a: Ditto|spd|1\n|\n|-heal|p1a: Oranguru|221/315|[from] item: Leftovers\n|upkeep\n|turn|5\n|\n|t:|1790032942\n|move|p2a: Ditto|Thunderbolt|p1a: Oranguru\n|-damage|p1a: Oranguru|166/315\n|move|p1a: Oranguru|Psychic|p2a: Ditto\n|-resisted|p2a: Ditto\n|-damage|p2a: Ditto|95/225\n|\n|-heal|p1a: Oranguru|185/315|[from] item: Leftovers\n|upkeep\n|turn|6\n|\n|t:|1790033018\n|move|p2a: Ditto|Thunderbolt|p1a: Oranguru\n|-damage|p1a: Oranguru|135/315\n|move|p1a: Oranguru|Focus Blast|p2a: Ditto|[miss]\n|-miss|p1a: Oranguru|p2a: Ditto\n|\n|-heal|p1a: Oranguru|154/315|[from] item: Leftovers\n|upkeep\n|turn|7\n|\n|t:|1790033023\n|-terastallize|p1a: Oranguru|Electric\n|move|p2a: Ditto|Thunderbolt|p1a: Oranguru\n|-resisted|p1a: Oranguru\n|-damage|p1a: Oranguru|128/315\n|move|p1a: Oranguru|Psychic|p2a: Ditto\n|-resisted|p2a: Ditto\n|-damage|p2a: Ditto|35/225\n|-unboost|p2a: Ditto|spd|1\n|\n|-heal|p1a: Oranguru|147/315|[from] item: Leftovers\n|upkeep\n|turn|8\n|\n|t:|1790033026\n|-terastallize|p2a: Ditto|Ghost\n|move|p2a: Ditto|Thunderbolt|p1a: Oranguru\n|-resisted|p1a: Oranguru\n|-damage|p1a: Oranguru|122/315\n|move|p1a: Oranguru|Focus Blast|p2a: Ditto\n|-immune|p2a: Ditto\n|\n|-heal|p1a: Oranguru|141/315|[from] item: Leftovers\n|upkeep\n|turn|9\n|j|&SlimeQueenSamantha\n|\n|t:|1790033031\n|move|p2a: Ditto|Thunderbolt|p1a: Oranguru\n|-resisted|p1a: Oranguru\n|-damage|p1a: Oranguru|114/315\n|move|p1a: Oranguru|Psychic|p2a: Ditto\n|-damage|p2a: Ditto|0 fnt\n|faint|p2a: Ditto\n|\n|-heal|p1a: Oranguru|133/315|[from] item: Leftovers\n|upkeep\n|\n|t:|1790033038\n|switch|p2a: Kleavor|Kleavor, L78, F|237/237\n|turn|10\n|\n|t:|1790033041\n|move|p2a: Kleavor|Stone Axe|p1a: Oranguru|[miss]\n|-miss|p2a: Kleavor|p1a: Oranguru\n|move|p1a: Oranguru|Focus Blast|p2a: Kleavor\n|-damage|p2a: Kleavor|113/237\n|\n|-heal|p1a: Oranguru|152/315|[from] item: Leftovers\n|upkeep\n|turn|11\n|\n|t:|1790033050\n|move|p2a: Kleavor|Stone Axe|p1a: Oranguru\n|-damage|p1a: Oranguru|46/315\n|-sidestart|p1: Bunny Easy|move: Stealth Rock\n|move|p1a: Oranguru|Psychic|p2a: Kleavor\n|-damage|p2a: Kleavor|0 fnt\n|faint|p2a: Kleavor\n|\n|-heal|p1a: Oranguru|65/315|[from] item: Leftovers\n|upkeep\n|\n|t:|1790033057\n|switch|p2a: Chansey|Chansey, L85, F|332/564\n|turn|12\n|\n|t:|1790033061\n|move|p1a: Oranguru|Focus Blast|p2a: Chansey|[miss]\n|-miss|p1a: Oranguru|p2a: Chansey\n|move|p2a: Chansey|Thunder Wave|p1a: Oranguru\n|-immune|p1a: Oranguru\n|\n|-heal|p1a: Oranguru|84/315|[from] item: Leftovers\n|upkeep\n|turn|13\n|\n|t:|1790033101\n|switch|p2a: Qwilfish|Qwilfish, L86, M|252/252\n|-ability|p2a: Qwilfish|Intimidate|boost\n|-fail|p1a: Oranguru|unboost|Attack|[from] ability: Inner Focus|[of] p1a: Oranguru\n|move|p1a: Oranguru|Psychic|p2a: Qwilfish\n|-supereffective|p2a: Qwilfish\n|-damage|p2a: Qwilfish|0 fnt\n|faint|p2a: Qwilfish\n|\n|-heal|p1a: Oranguru|103/315|[from] item: Leftovers\n|upkeep\n|\n|t:|1790033104\n|switch|p2a: Chansey|Chansey, L85, F|332/564\n|turn|14\n|\n|t:|1790033107\n|move|p1a: Oranguru|Psychic|p2a: Chansey\n|-damage|p2a: Chansey|265/564\n|move|p2a: Chansey|Seismic Toss|p1a: Oranguru\n|-damage|p1a: Oranguru|18/315\n|\n|-heal|p1a: Oranguru|37/315|[from] item: Leftovers\n|upkeep\n|turn|15\n|\n|t:|1790033115\n|move|p1a: Oranguru|Psychic|p2a: Chansey\n|-damage|p2a: Chansey|202/564\n|move|p2a: Chansey|Seismic Toss|p1a: Oranguru\n|-damage|p1a: Oranguru|0 fnt\n|faint|p1a: Oranguru\n|\n|upkeep\n|\n|t:|1790033115\n|switch|p1a: Cobalion|Cobalion, L80|277/277\n|-damage|p1a: Cobalion|269/277|[from] Stealth Rock\n|turn|16\n|-message|Keiko_Sama forfeited.\n|\n|win|Bunny Easy\n|raw|Bunny Easy's rating: 1047 &rarr; <strong>1082</strong><br />(+35 for winning)\n|raw|Keiko_Sama's rating: 1000 &rarr; <strong>1000</strong><br />(+0 for losing)\n|l|☆Keiko_Sama\n|player|p2|\n|l|☆Bunny Easy\n|player|p1|\n|l|&SlimeQueenSamantha\n|j|&SlimeQueenSamantha\n",
	"inputlog": ">start {\"formatid\":\"gen9randombattle\",\"seed\":\"sodium,6d4eaa1cd1bb2f7bf3990fd36db900b6\",\"rated\":\"Rated battle\"}\n>player p1 {\"name\":\"Bunny Easy\",\"avatar\":\"bunny.png\",\"rating\":1047,\"seed\":\"sodium,cd915c8c4ada776d682ae90d15054384\"}\n>player p2 {\"name\":\"Keiko_Sama\",\"avatar\":\"keiko-yume.png\",\"rating\":1000,\"seed\":\"sodium,906ce551512e6e7940eb5cbeebbba28b\"}\n>chat ☆Bunny Easy|Good luck! Playing on **easy**.\n>p1 move focusblast\n>p2 move seismictoss\n>p1 move psychic\n>p2 move seismictoss\n>p1 move psychic\n>p2 move thunderwave\n>p1 move psychic\n>p2 switch 3\n>p1 move psychic\n>p2 move thunderbolt\n>p1 move focusblast\n>p2 move thunderbolt\n>p1 move psychic terastallize\n>p2 move thunderbolt\n>p1 move focusblast\n>p2 move thunderbolt terastallize\n>p1 move psychic\n>p2 move thunderbolt\n>p2 switch 2\n>p1 move focusblast\n>p2 move stoneaxe\n>p1 move psychic\n>p2 move stoneaxe\n>p2 switch 3\n>p1 move focusblast\n>p2 move thunderwave\n>p1 move psychic\n>p2 switch 5\n>p2 switch 5\n>p1 move psychic\n>p2 move seismictoss\n>p1 move psychic\n>p2 move seismictoss\n>p1 switch 4\n>forcelose p2",
	"uploadtime": 1790033179
}