{
	"id": "gen9rpou-2-tm81yx",
	"format": "[Gen 9] RP OU",
	"players": [
		"Bunny Stockfish",
		"SlimeQueenSamantha"
	],
	"rating": null,
	"log": "|j|☆Bunny Stockfish\n|j|☆SlimeQueenSamantha\n|t:|1790847067\n|gametype|singles\n|badge|p1|bronze|gen9rpou|3-3\n|badge|p2|gold|gen9rpou|1-1\n|player|p1|Bunny Stockfish|bunny.png|1370\n|player|p2|SlimeQueenSamantha|queen.png|1504\n|gen|9\n|tier|[Gen 9] RP OU\n|rated|\n|rule|HP Percentage Mod: HP is shown in percentages\n|rule|Endless Battle Clause: Forcing endless battles is banned\n|rule|Species Clause: Limit one of each Pokémon\n|rule|OHKO Clause: OHKO moves are banned\n|rule|Evasion Clause: Evasion abilities, items, and moves are banned\n|rule|Evasion Abilities Clause: Evasion abilities are banned\n|rule|Evasion Items Clause: Evasion items are banned\n|rule|Evasion Moves Clause: Evasion moves are banned\n|rule|Sleep Clause Mod: Limit one foe put to sleep\n|clearpoke\n|poke|p1|Ferrothorn|\n|poke|p1|Pawmot|\n|poke|p1|Togekiss|\n|poke|p1|Sinistcha|\n|poke|p1|Garganacl|\n|poke|p1|Kingambit|\n|poke|p2|Dracozolt|\n|poke|p2|Excadrill|\n|poke|p2|Tyranitar|\n|poke|p2|Hippowdon|\n|poke|p2|Ferrothorn|\n|poke|p2|Dragapult|\n|teampreview\n|c|☆Bunny Stockfish|Good luck! Playing on **stockfish**.\n|\n|t:|1790847080\n|teamsize|p1|6\n|teamsize|p2|6\n|start\n|switch|p1a: Ferrothorn|Ferrothorn|100/100\n|switch|p2a: Dragapult|Dragapult|100/100\n|turn|1\n|\n|t:|1790847082\n|switch|p1a: Togekiss|Togekiss|100/100\n|move|p2a: Dragapult|Flamethrower|p1a: Togekiss\n|-damage|p1a: Togekiss|70/100\n|\n|upkeep\n|turn|2\n|\n|t:|1790847089\n|switch|p2a: Tyranitar|Tyranitar|100/100\n|-weather|Sandstorm|[from] ability: Sand Stream|[of] p2a: Tyranitar\n|-start|p1a: Togekiss|Dynamax|\n|-heal|p1a: Togekiss|70/100|[silent]\n|move|p1a: Togekiss|Max Starfall|p2a: Tyranitar\n|-supereffective|p2a: Tyranitar\n|-damage|p2a: Tyranitar|15/100\n|-fieldstart|move: Misty Terrain\n|\n|-weather|Sandstorm|[upkeep]\n|-damage|p1a: Togekiss|67/100|[from] Sandstorm\n|upkeep\n|turn|3\n|\n|t:|1790847098\n|switch|p2a: Ferrothorn|Ferrothorn|100/100\n|move|p1a: Togekiss|Max Starfall|p2a: Ferrothorn\n|-resisted|p2a: Ferrothorn\n|-damage|p2a: Ferrothorn|77/100\n|\n|-weather|Sandstorm|[upkeep]\n|-damage|p1a: Togekiss|64/100|[from] Sandstorm\n|-heal|p2a: Ferrothorn|84/100|[from] item: Leftovers\n|upkeep\n|turn|4\n|\n|t:|1790847101\n|move|p1a: Togekiss|Max Airstream|p2a: Ferrothorn\n|-crit|p2a: Ferrothorn\n|-damage|p2a: Ferrothorn|14/100\n|-boost|p1a: Togekiss|spe|1\n|move|p2a: Ferrothorn|Gyro Ball|p1a: Togekiss\n|-supereffective|p1a: Togekiss\n|-damage|p1a: Togekiss|18/100\n|\n|-weather|Sandstorm|[upkeep]\n|-damage|p1a: Togekiss|15/100|[from] Sandstorm\n|-heal|p2a: Ferrothorn|20/100|[from] item: Leftovers\n|upkeep\n|-end|p1a: Togekiss|Dynamax\n|-heal|p1a: Togekiss|15/100|[silent]\n|turn|5\n|\n|t:|1790847108\n|move|p1a: Togekiss|Air Slash|p2a: Ferrothorn\n|-crit|p2a: Ferrothorn\n|-damage|p2a: Ferrothorn|0 fnt\n|faint|p2a: Ferrothorn\n|\n|-weather|Sandstorm|[upkeep]\n|-damage|p1a: Togekiss|9/100|[from] Sandstorm\n|upkeep\n|\n|t:|1790847113\n|switch|p2a: Dracozolt|Dracozolt|100/100\n|turn|6\n|\n|t:|1790847115\n|move|p2a: Dracozolt|Bolt Beak|p1a: Togekiss\n|-supereffective|p1a: Togekiss\n|-damage|p1a: Togekiss|0 fnt\n|faint|p1a: Togekiss\n|-damage|p2a: Dracozolt|91/100|[from] item: Life Orb\n|\n|-weather|none\n|-fieldend|Misty Terrain\n|upkeep\n|\n|t:|1790847116\n|switch|p1a: Kingambit|Kingambit|100/100\n|-activate|p1a: Kingambit|ability: Supreme Overlord\n|-start|p1a: Kingambit|fallen1|[silent]\n|turn|7\n|\n|t:|1790847120\n|switch|p2a: Tyranitar|Tyranitar|15/100\n|-weather|Sandstorm|[from] ability: Sand Stream|[of] p2a: Tyranitar\n|move|p1a: Kingambit|Kowtow Cleave|p2a: Tyranitar\n|-resisted|p2a: Tyranitar\n|-damage|p2a: Tyranitar|0 fnt\n|faint|p2a: Tyranitar\n|\n|-weather|Sandstorm|[upkeep]\n|upkeep\n|\n|t:|1790847126\n|switch|p2a: Excadrill|Excadrill|100/100\n|turn|8\n|\n|t:|1790847129\n|-terastallize|p1a: Kingambit|Flying\n|move|p2a: Excadrill|Swords Dance|p2a: Excadrill\n|-boost|p2a: Excadrill|atk|2\n|move|p1a: Kingambit|Kowtow Cleave|p2a: Excadrill\n|-damage|p2a: Excadrill|5/100\n|\n|-weather|Sandstorm|[upkeep]\n|-damage|p1a: Kingambit|94/100|[from] Sandstorm\n|upkeep\n|turn|9\n|\n|t:|1790847136\n|move|p1a: Kingambit|Sucker Punch|p2a: Excadrill\n|-damage|p2a: Excadrill|0 fnt\n|faint|p2a: Excadrill\n|\n|-weather|Sandstorm|[upkeep]\n|-damage|p1a: Kingambit|88/100|[from] Sandstorm\n|upkeep\n|\n|t:|1790847140\n|switch|p2a: Dracozolt|Dracozolt|91/100\n|turn|10\n|\n|t:|1790847141\n|-end|p1a: Kingambit|fallen1|[silent]\n|switch|p1a: Ferrothorn|Ferrothorn|100/100\n|move|p2a: Dracozolt|Bolt Beak|p1a: Ferrothorn\n|-resisted|p1a: Ferrothorn\n|-damage|p1a: Ferrothorn|71/100\n|-damage|p2a: Dracozolt|78/100|[from] ability: Iron Barbs|[of] p1a: Ferrothorn\n|-damage|p2a: Dracozolt|68/100|[from] item: Life Orb\n|\n|-weather|Sandstorm|[upkeep]\n|-heal|p1a: Ferrothorn|77/100|[from] item: Leftovers\n|upkeep\n|turn|11\n|\n|t:|1790847143\n|move|p2a: Dracozolt|Fire Blast|p1a: Ferrothorn\n|-supereffective|p1a: Ferrothorn\n|-damage|p1a: Ferrothorn|0 fnt\n|faint|p1a: Ferrothorn\n|-damage|p2a: Dracozolt|58/100|[from] item: Life Orb\n|\n|-weather|none\n|upkeep\n|\n|t:|1790847144\n|switch|p1a: Kingambit|Kingambit, tera:Flying|88/100\n|-activate|p1a: Kingambit|ability: Supreme Overlord\n|-start|p1a: Kingambit|fallen2|[silent]\n|turn|12\n|\n|t:|1790847147\n|switch|p2a: Hippowdon|Hippowdon|100/100\n|-weather|Sandstorm|[from] ability: Sand Stream|[of] p2a: Hippowdon\n|move|p1a: Kingambit|Kowtow Cleave|p2a: Hippowdon\n|-damage|p2a: Hippowdon|48/100\n|\n|-weather|Sandstorm|[upkeep]\n|-damage|p1a: Kingambit|82/100|[from] Sandstorm\n|-heal|p2a: Hippowdon|55/100|[from] item: Leftovers\n|upkeep\n|turn|13\n|\n|t:|1790847150\n|-end|p1a: Kingambit|fallen2|[silent]\n|switch|p1a: Sinistcha|Sinistcha|100/100\n|move|p2a: Hippowdon|Stealth Rock|p1a: Sinistcha\n|-sidestart|p1: Bunny Stockfish|move: Stealth Rock\n|\n|-weather|Sandstorm|[upkeep]\n|-damage|p1a: Sinistcha|94/100|[from] Sandstorm\n|-heal|p2a: Hippowdon|61/100|[from] item: Leftovers\n|upkeep\n|turn|14\n|\n|t:|1790847155\n|move|p1a: Sinistcha|Matcha Gotcha|p2a: Hippowdon\n|-supereffective|p2a: Hippowdon\n|-damage|p2a: Hippowdon|14/100\n|-heal|p1a: Sinistcha|100/100|[from] drain|[of] p2a: Hippowdon\n|move|p2a: Hippowdon|Toxic|p1a: Sinistcha\n|-status|p1a: Sinistcha|tox\n|\n|-weather|Sandstorm|[upkeep]\n|-damage|p1a: Sinistcha|94/100 tox|[from] Sandstorm\n|-heal|p2a: Hippowdon|20/100|[from] item: Leftovers\n|-damage|p1a: Sinistcha|88/100 tox|[from] psn\n|upkeep\n|turn|15\n|\n|t:|1790847160\n|move|p1a: Sinistcha|Shadow Ball|p2a: Hippowdon\n|-damage|p2a: Hippowdon|0 fnt\n|faint|p2a: Hippowdon\n|\n|-weather|Sandstorm|[upkeep]\n|-damage|p1a: Sinistcha|82/100 tox|[from] Sandstorm\n|-damage|p1a: Sinistcha|70/100 tox|[from] psn\n|upkeep\n|\n|t:|1790847162\n|switch|p2a: Dragapult|Dragapult|100/100\n|turn|16\n|\n|t:|1790847163\n|switch|p1a: Garganacl|Garganacl|100/100\n|-damage|p1a: Garganacl|88/100|[from] Stealth Rock\n|move|p2a: Dragapult|U-turn|p1a: Garganacl\n|-damage|p1a: Garganacl|78/100\n|\n|t:|1790847165\n|switch|p2a: Dracozolt|Dracozolt|58/100|[from] U-turn\n|\n|-weather|none\n|-heal|p1a: Garganacl|84/100|[from] item: Leftovers\n|upkeep\n|turn|17\n|\n|t:|1790847168\n|move|p2a: Dracozolt|Bolt Beak|p1a: Garganacl\n|-damage|p1a: Garganacl|24/100\n|-damage|p2a: Dracozolt|48/100|[from] item: Life Orb\n|move|p1a: Garganacl|Earthquake|p2a: Dracozolt\n|-supereffective|p2a: Dracozolt\n|-damage|p2a: Dracozolt|0 fnt\n|faint|p2a: Dracozolt\n|\n|-heal|p1a: Garganacl|30/100|[from] item: Leftovers\n|upkeep\n|\n|t:|1790847170\n|switch|p2a: Dragapult|Dragapult|100/100\n|turn|18\n|\n|t:|1790847177\n|switch|p1a: Kingambit|Kingambit, tera:Flying|82/100\n|-damage|p1a: Kingambit|57/100|[from] Stealth Rock\n|-activate|p1a: Kingambit|ability: Supreme Overlord\n|-start|p1a: Kingambit|fallen2|[silent]\n|-start|p2a: Dragapult|Dynamax|\n|-heal|p2a: Dragapult|100/100|[silent]\n|move|p2a: Dragapult|Max Flare|p1a: Kingambit\n|-damage|p1a: Kingambit|20/100\n|-weather|SunnyDay\n|\n|-weather|SunnyDay|[upkeep]\n|upkeep\n|turn|19\n|\n|t:|1790847180\n|move|p1a: Kingambit|Sucker Punch|p2a: Dragapult\n|-supereffective|p2a: Dragapult\n|-damage|p2a: Dragapult|12/100\n|move|p2a: Dragapult|Max Flare|p1a: Kingambit\n|-damage|p1a: Kingambit|0 fnt\n|faint|p1a: Kingambit\n|-end|p1a: Kingambit|fallen2|[silent]\n|\n|-weather|SunnyDay|[upkeep]\n|upkeep\n|\n|t:|1790847181\n|switch|p1a: Garganacl|Garganacl|30/100\n|-damage|p1a: Garganacl|18/100|[from] Stealth Rock\n|turn|20\n|\n|t:|1790847184\n|move|p2a: Dragapult|Max Phantasm|p1a: Garganacl\n|-damage|p1a: Garganacl|0 fnt\n|faint|p1a: Garganacl\n|\n|-weather|SunnyDay|[upkeep]\n|upkeep\n|\n|t:|1790847184\n|switch|p1a: Pawmot|Pawmot|100/100\n|-damage|p1a: Pawmot|94/100|[from] Stealth Rock\n|-end|p2a: Dragapult|Dynamax\n|-heal|p2a: Dragapult|12/100|[silent]\n|turn|21\n|\n|t:|1790847189\n|move|p2a: Dragapult|Shadow Ball|p1a: Pawmot\n|-damage|p1a: Pawmot|15/100\n|-unboost|p1a: Pawmot|spd|1\n|move|p1a: Pawmot|Ice Punch|p2a: Dragapult\n|-supereffective|p2a: Dragapult\n|-damage|p2a: Dragapult|0 fnt\n|faint|p2a: Dragapult\n|\n|win|Bunny Stockfish\n",
	"inputlog": ">start {\"formatid\":\"gen9rpou\",\"seed\":\"sodium,8a97bfc66072a1d8f22390dc18ad1bf7\",\"rated\":\"Rated battle\"}\n>player p1 {\"name\":\"Bunny Stockfish\",\"avatar\":\"bunny.png\",\"team\":\"Ferrothorn||Leftovers|IronBarbs|PowerWhip,Spikes,KnockOff,StealthRock|Impish|252,,252,,4,|N||||,,,,,Ghost]Pawmot||LeppaBerry|VoltAbsorb|Nuzzle,IcePunch,RevivalBlessing,VoltaicLance|Jolly|120,,140,,16,232|N||||,,,,,Ghost]Togekiss||HeavyDutyBoots|SereneGrace|AirSlash,NastyPlot,AlluringVoice,VelvetPress|Modest|252,,,252,4,|N|,0,,,,|||,,,,,Steel]Sinistcha||HeavyDutyBoots|Heatproof|CalmMind,MatchaGotcha,ShadowBall,StrengthSap|Bold|252,,252,,4,|N|,0,,,,|||,,,,,Fairy]Garganacl||Leftovers|PurifyingSalt|Curse,SaltCure,Recover,Earthquake|Careful|252,,52,,204,|N||||,,,,,Fairy]Kingambit||BlackGlasses|SupremeOverlord|SwordsDance,SuckerPunch,KowtowCleave,IronHead|Adamant|252,252,,,4,|N||||,,,,,Flying\",\"rating\":1370}\n>player p2 {\"name\":\"SlimeQueenSamantha\",\"avatar\":\"queen.png\",\"team\":\"Dracozolt||LifeOrb|SandRush|BoltBeak,DracoMeteor,Earthquake,FireBlast|Naughty|,148,,176,,184|N||||,,,,,Electric]Excadrill||SteeliumZ|SandRush|SwordsDance,Earthquake,IronHead,RockSlide|Jolly|,252,,,4,252|N||||,,,,,Ground]Tyranitar||Tyranitarite|SandStream|KnockOff,Pursuit,StoneEdge,IcePunch|Adamant|92,252,,,,164|N||||,,,,,Rock]Hippowdon||Leftovers|SandStream|Earthquake,SlackOff,StealthRock,Toxic|Careful|252,8,,,248,|N|,0,,,,|||,,,,,Ground]Ferrothorn||Leftovers|IronBarbs|Spikes,GyroBall,PowerWhip,LeechSeed|Relaxed|252,4,52,,200,|N|,,,,,0|||,,,,,Grass]Dragapult||ChoiceSpecs|Infiltrator|DracoMeteor,ShadowBall,Flamethrower,Uturn|Timid|,,,252,4,252|N|,0,,,,|||,,,,,Ghost\",\"rating\":1504}\n>chat ☆Bunny Stockfish|Good luck! Playing on **stockfish**.\n>p1 team 1, 2, 3, 4, 6, 5\n>p2 team 6, 2, 3, 4, 5, 1\n>p1 switch 3\n>p2 move flamethrower\n>p1 move alluringvoice dynamax\n>p2 switch 3\n>p1 move alluringvoice dynamax\n>p2 switch 5\n>p1 move airslash dynamax\n>p2 move gyroball\n>p1 move airslash\n>p2 move gyroball\n>p2 switch 6\n>p1 move alluringvoice\n>p2 move boltbeak\n>p1 switch 5\n>p1 move kowtowcleave\n>p2 switch 5\n>p2 switch 2\n>p1 move kowtowcleave terastallize\n>p2 move swordsdance\n>p1 move suckerpunch\n>p2 move rockslide\n>p2 switch 5\n>p1 switch 3\n>p2 move boltbeak\n>p1 move knockoff\n>p2 move fireblast\n>p1 switch 3\n>p1 move kowtowcleave\n>p2 switch 4\n>p1 switch 4\n>p2 move stealthrock\n>p1 move matchagotcha\n>p2 move toxic\n>p1 move shadowball\n>p2 move slackoff\n>p2 switch 3\n>p1 switch 6\n>p2 move uturn\n>p2 switch 4\n>p1 move earthquake\n>p2 move boltbeak\n>p2 switch 4\n>p1 switch 4\n>p2 move flamethrower dynamax\n>p1 move suckerpunch\n>p2 move flamethrower dynamax\n>p1 switch 4\n>p1 move saltcure\n>p2 move shadowball dynamax\n>p1 switch 2\n>p1 move icepunch\n>p2 move shadowball",
	"uploadtime": 1790847189
}