{
	"id": "gen9rpou-14-tlj90j",
	"format": "[Gen 9] RP OU",
	"players": [
		"Bunny Stockfish",
		"TheRealWhimsicott"
	],
	"rating": null,
	"log": "|j|☆Bunny Stockfish\n|j|☆TheRealWhimsicott\n|t:|1789762546\n|gametype|singles\n|badge|p1|bronze|gen9rpou|3-3\n|badge|p2|gold|gen9rpou|1-1\n|player|p1|Bunny Stockfish|bunny.png|1332\n|player|p2|TheRealWhimsicott|266|1487\n|gen|9\n|tier|[Gen 9] RP OU\n|rated|\n|rule|HP Percentage Mod: HP is shown in percentages\n|rule|Endless Battle Clause: Forcing endless battles is banned\n|rule|Species Clause: Limit one of each Pokémon\n|rule|OHKO Clause: OHKO moves are banned\n|rule|Evasion Clause: Evasion abilities, items, and moves are banned\n|rule|Evasion Abilities Clause: Evasion abilities are banned\n|rule|Evasion Items Clause: Evasion items are banned\n|rule|Evasion Moves Clause: Evasion moves are banned\n|rule|Sleep Clause Mod: Limit one foe put to sleep\n|clearpoke\n|poke|p1|Espeon|\n|poke|p1|Ogerpon|\n|poke|p1|Spiritomb|\n|poke|p1|Kyurem|\n|poke|p1|Glaceon|\n|poke|p1|Clodsire|\n|poke|p2|Kingambit|\n|poke|p2|Haxorus|\n|poke|p2|Pawmot|\n|poke|p2|Glaceon|\n|poke|p2|Tinkaton, F|\n|poke|p2|Corviknight|\n|teampreview\n|c|☆Bunny Stockfish|Good luck! Playing on **stockfish**.\n|\n|t:|1789762559\n|teamsize|p1|6\n|teamsize|p2|6\n|start\n|switch|p1a: Clodsire|Clodsire|100/100\n|switch|p2a: Tinkaton|Tinkaton, F|100/100\n|-ability|p2a: Tinkaton|Mold Breaker\n|-item|p2a: Tinkaton|Air Balloon\n|turn|1\n|\n|t:|1789762561\n|move|p2a: Tinkaton|Stealth Rock|p1a: Clodsire\n|-sidestart|p1: Bunny Stockfish|move: Stealth Rock\n|move|p1a: Clodsire|Stealth Rock|p2a: Tinkaton\n|-sidestart|p2: TheRealWhimsicott|move: Stealth Rock\n|\n|upkeep\n|turn|2\n|\n|t:|1789762563\n|move|p2a: Tinkaton|Encore|p1a: Clodsire\n|-start|p1a: Clodsire|Encore\n|move|p1a: Clodsire|Stealth Rock||[still]\n|-fail|p1a: Clodsire\n|\n|upkeep\n|turn|3\n|\n|t:|1789762565\n|switch|p1a: Spiritomb|Spiritomb|100/100\n|-damage|p1a: Spiritomb|88/100|[from] Stealth Rock\n|move|p2a: Tinkaton|Crag Hammer|p1a: Spiritomb\n|-damage|p1a: Spiritomb|71/100\n|\n|-heal|p1a: Spiritomb|77/100|[from] item: Leftovers\n|upkeep\n|turn|4\n|\n|t:|1789762568\n|move|p2a: Tinkaton|Gigaton Hammer|p1a: Spiritomb\n|-damage|p1a: Spiritomb|30/100\n|move|p1a: Spiritomb|Soul Toll|p2a: Tinkaton\n|-damage|p2a: Tinkaton|71/100\n|-enditem|p2a: Tinkaton|Air Balloon\n|\n|-heal|p1a: Spiritomb|36/100|[from] item: Leftovers\n|upkeep\n|turn|5\n|\n|t:|1789762570\n|move|p2a: Tinkaton|Encore|p1a: Spiritomb\n|-start|p1a: Spiritomb|Encore\n|move|p1a: Spiritomb|Soul Toll|p2a: Tinkaton\n|-damage|p2a: Tinkaton|38/100\n|\n|-heal|p1a: Spiritomb|42/100|[from] item: Leftovers\n|upkeep\n|turn|6\n|\n|t:|1789762573\n|switch|p1a: Clodsire|Clodsire|100/100\n|move|p2a: Tinkaton|Gigaton Hammer|p1a: Clodsire\n|-damage|p1a: Clodsire|33/100\n|\n|upkeep\n|turn|7\n|\n|t:|1789762576\n|move|p2a: Tinkaton|Crag Hammer|p1a: Clodsire\n|-resisted|p1a: Clodsire\n|-crit|p1a: Clodsire\n|-damage|p1a: Clodsire|14/100\n|move|p1a: Clodsire|Earthquake|p2a: Tinkaton\n|-supereffective|p2a: Tinkaton\n|-damage|p2a: Tinkaton|0 fnt\n|faint|p2a: Tinkaton\n|\n|upkeep\n|\n|t:|1789762578\n|switch|p2a: Haxorus|Haxorus|100/100\n|-damage|p2a: Haxorus|88/100|[from] Stealth Rock\n|-ability|p2a: Haxorus|Mold Breaker\n|turn|8\n|\n|t:|1789762579\n|switch|p1a: Glaceon|Glaceon|100/100\n|-damage|p1a: Glaceon|76/100|[from] Stealth Rock\n|-weather|Snowscape|[from] ability: Diamond Dust|[of] p1a: Glaceon\n|move|p2a: Haxorus|Hone Claws|p2a: Haxorus\n|-boost|p2a: Haxorus|atk|1\n|-boost|p2a: Haxorus|accuracy|1\n|\n|-weather|Snowscape|[upkeep]\n|upkeep\n|turn|9\n|\n|t:|1789762582\n|-terastallize|p1a: Glaceon|Ice\n|-terastallize|p2a: Haxorus|Steel\n|move|p1a: Glaceon|Blizzard|p2a: Haxorus\n|-resisted|p2a: Haxorus\n|-crit|p2a: Haxorus\n|-damage|p2a: Haxorus|0 fnt\n|faint|p2a: Haxorus\n|-damage|p1a: Glaceon|66/100|[from] item: Life Orb\n|\n|-weather|Snowscape|[upkeep]\n|upkeep\n|\n|t:|1789762597\n|switch|p2a: Kingambit|Kingambit|100/100\n|-damage|p2a: Kingambit|94/100|[from] Stealth Rock\n|-activate|p2a: Kingambit|ability: Supreme Overlord\n|-start|p2a: Kingambit|fallen2|[silent]\n|turn|10\n|\n|t:|1789762600\n|-start|p2a: Kingambit|Dynamax|\n|-heal|p2a: Kingambit|94/100|[silent]\n|move|p1a: Glaceon|Earth Power|p2a: Kingambit\n|-supereffective|p2a: Kingambit\n|-damage|p2a: Kingambit|54/100\n|-damage|p1a: Glaceon|56/100|[from] item: Life Orb\n|move|p2a: Kingambit|Max Steelspike|p1a: Glaceon\n|-supereffective|p1a: Glaceon\n|-damage|p1a: Glaceon|0 fnt\n|-boost|p2a: Kingambit|def|1\n|faint|p1a: Glaceon\n|\n|-weather|Snowscape|[upkeep]\n|upkeep\n|\n|t:|1789762600\n|switch|p1a: Kyurem|Kyurem|100/100\n|-damage|p1a: Kyurem|76/100|[from] Stealth Rock\n|-ability|p1a: Kyurem|Pressure\n|turn|11\n|\n|t:|1789762610\n|-start|p1a: Kyurem|Dynamax|\n|-heal|p1a: Kyurem|76/100|[silent]\n|move|p1a: Kyurem|Max Quake|p2a: Kingambit\n|-supereffective|p2a: Kingambit\n|-damage|p2a: Kingambit|10/100\n|-boost|p1a: Kyurem|spd|1\n|move|p2a: Kingambit|Max Steelspike|p1a: Kyurem\n|-supereffective|p1a: Kyurem\n|-damage|p1a: Kyurem|33/100\n|-boost|p2a: Kingambit|def|1\n|\n|-weather|Snowscape|[upkeep]\n|upkeep\n|turn|12\n|\n|t:|1789762619\n|move|p2a: Kingambit|Max Guard|p2a: Kingambit\n|-singleturn|p2a: Kingambit|Max Guard\n|move|p1a: Kyurem|Max Quake|p2a: Kingambit\n|-activate|p2a: Kingambit|move: Max Guard\n|\n|-weather|none\n|upkeep\n|-end|p2a: Kingambit|Dynamax\n|-heal|p2a: Kingambit|10/100|[silent]\n|turn|13\n|\n|t:|1789762621\n|move|p2a: Kingambit|Sucker Punch|p1a: Kyurem\n|-damage|p1a: Kyurem|10/100\n|move|p1a: Kyurem|Max Quake|p2a: Kingambit\n|-supereffective|p2a: Kingambit\n|-damage|p2a: Kingambit|0 fnt\n|-boost|p1a: Kyurem|spd|1\n|faint|p2a: Kingambit\n|-end|p2a: Kingambit|fallen2|[silent]\n|\n|upkeep\n|\n|t:|1789762627\n|switch|p2a: Corviknight|Corviknight|100/100\n|-damage|p2a: Corviknight|88/100|[from] Stealth Rock\n|-ability|p2a: Corviknight|Pressure\n|-end|p1a: Kyurem|Dynamax\n|-heal|p1a: Kyurem|10/100|[silent]\n|turn|14\n|\n|t:|1789762629\n|move|p1a: Kyurem|Ice Beam|p2a: Corviknight\n|-damage|p2a: Corviknight|38/100\n|move|p2a: Corviknight|Iron Head|p1a: Kyurem\n|-supereffective|p1a: Kyurem\n|-damage|p1a: Kyurem|0 fnt\n|faint|p1a: Kyurem\n|\n|-heal|p2a: Corviknight|44/100|[from] item: Leftovers\n|upkeep\n|\n|t:|1789762629\n|switch|p1a: Espeon|Espeon|100/100\n|turn|15\n|\n|t:|1789762631\n|move|p2a: Corviknight|Protect|p2a: Corviknight\n|-singleturn|p2a: Corviknight|Protect\n|move|p1a: Espeon|Shadow Ball|p2a: Corviknight\n|-activate|p2a: Corviknight|move: Protect\n|\n|-heal|p2a: Corviknight|51/100|[from] item: Leftovers\n|upkeep\n|turn|16\n|\n|t:|1789762633\n|move|p1a: Espeon|Shadow Ball|p2a: Corviknight\n|-damage|p2a: Corviknight|16/100\n|move|p2a: Corviknight|Roost|p2a: Corviknight\n|-heal|p2a: Corviknight|66/100\n|-singleturn|p2a: Corviknight|move: Roost\n|\n|-heal|p2a: Corviknight|72/100|[from] item: Leftovers\n|upkeep\n|turn|17\n|\n|t:|1789762635\n|move|p2a: Corviknight|Protect|p2a: Corviknight\n|-singleturn|p2a: Corviknight|Protect\n|move|p1a: Espeon|Calm Mind|p1a: Espeon\n|-boost|p1a: Espeon|spa|1\n|-boost|p1a: Espeon|spd|1\n|\n|-heal|p2a: Corviknight|79/100|[from] item: Leftovers\n|upkeep\n|turn|18\n|\n|t:|1789762637\n|move|p1a: Espeon|Shadow Ball|p2a: Corviknight\n|-damage|p2a: Corviknight|27/100\n|move|p2a: Corviknight|U-turn|p1a: Espeon\n|-supereffective|p1a: Espeon\n|-damage|p1a: Espeon|50/100\n|\n|t:|1789762642\n|switch|p2a: Pawmot|Pawmot|100/100|[from] U-turn\n|-damage|p2a: Pawmot|94/100|[from] Stealth Rock\n|\n|upkeep\n|turn|19\n|\n|t:|1789762643\n|move|p2a: Pawmot|Spark Scamper|p1a: Espeon\n|-damage|p1a: Espeon|0 fnt\n|faint|p1a: Espeon\n|\n|upkeep\n|\n|t:|1789762643\n|switch|p1a: Ogerpon|Ogerpon|100/100\n|turn|20\n|\n|t:|1789762645\n|switch|p2a: Corviknight|Corviknight|27/100\n|-damage|p2a: Corviknight|14/100|[from] Stealth Rock\n|-ability|p2a: Corviknight|Pressure\n|move|p1a: Ogerpon|Ivy Cudgel|p2a: Corviknight\n|-resisted|p2a: Corviknight\n|-damage|p2a: Corviknight|7/100\n|\n|-heal|p2a: Corviknight|13/100|[from] item: Leftovers\n|upkeep\n|turn|21\n|\n|t:|1789762647\n|move|p2a: Corviknight|Protect|p2a: Corviknight\n|-singleturn|p2a: Corviknight|Protect\n|move|p1a: Ogerpon|Knock Off|p2a: Corviknight\n|-activate|p2a: Corviknight|move: Protect\n|\n|-heal|p2a: Corviknight|20/100|[from] item: Leftovers\n|upkeep\n|turn|22\n|\n|t:|1789762649\n|move|p1a: Ogerpon|Knock Off|p2a: Corviknight\n|-damage|p2a: Corviknight|1/100\n|-enditem|p2a: Corviknight|Leftovers|[from] move: Knock Off|[of] p1a: Ogerpon\n|move|p2a: Corviknight|Roost|p2a: Corviknight\n|-heal|p2a: Corviknight|51/100\n|-singleturn|p2a: Corviknight|move: Roost\n|\n|upkeep\n|turn|23\n|\n|t:|1789762652\n|move|p1a: Ogerpon|Knock Off|p2a: Corviknight\n|-damage|p2a: Corviknight|39/100\n|move|p2a: Corviknight|Roost|p2a: Corviknight\n|-heal|p2a: Corviknight|89/100\n|-singleturn|p2a: Corviknight|move: Roost\n|\n|upkeep\n|turn|24\n|\n|t:|1789762655\n|move|p1a: Ogerpon|Encore|p2a: Corviknight\n|-start|p2a: Corviknight|Encore\n|move|p2a: Corviknight|Roost|p2a: Corviknight\n|-heal|p2a: Corviknight|100/100\n|-singleturn|p2a: Corviknight|move: Roost\n|\n|upkeep\n|turn|25\n|\n|t:|1789762658\n|move|p1a: Ogerpon|Encore||[still]\n|-fail|p1a: Ogerpon\n|move|p2a: Corviknight|Roost||[still]\n|-fail|p2a: Corviknight|heal\n|\n|upkeep\n|turn|26\n|\n|t:|1789762661\n|switch|p2a: Pawmot|Pawmot|94/100\n|-damage|p2a: Pawmot|88/100|[from] Stealth Rock\n|move|p1a: Ogerpon|Encore||[still]\n|-fail|p1a: Ogerpon\n|\n|upkeep\n|turn|27\n|\n|t:|1789762663\n|move|p1a: Ogerpon|Ivy Cudgel|p2a: Pawmot\n|-damage|p2a: Pawmot|13/100\n|move|p2a: Pawmot|Close Combat|p1a: Ogerpon\n|-damage|p1a: Ogerpon|0 fnt\n|-unboost|p2a: Pawmot|def|1\n|-unboost|p2a: Pawmot|spd|1\n|faint|p1a: Ogerpon\n|\n|upkeep\n|\n|t:|1789762663\n|switch|p1a: Clodsire|Clodsire|14/100\n|turn|28\n|\n|t:|1789762669\n|move|p2a: Pawmot|Close Combat|p1a: Clodsire\n|-resisted|p1a: Clodsire\n|-damage|p1a: Clodsire|0 fnt\n|-unboost|p2a: Pawmot|def|1\n|-unboost|p2a: Pawmot|spd|1\n|faint|p1a: Clodsire\n|\n|upkeep\n|\n|t:|1789762669\n|switch|p1a: Spiritomb|Spiritomb|42/100\n|-damage|p1a: Spiritomb|30/100|[from] Stealth Rock\n|turn|29\n|\n|t:|1789762673\n|switch|p2a: Corviknight|Corviknight|100/100\n|-damage|p2a: Corviknight|88/100|[from] Stealth Rock\n|-ability|p2a: Corviknight|Pressure\n|move|p1a: Spiritomb|Soul Toll|p2a: Corviknight\n|-damage|p2a: Corviknight|58/100\n|\n|-heal|p1a: Spiritomb|36/100|[from] item: Leftovers\n|upkeep\n|turn|30\n|\n|t:|1789762674\n|move|p2a: Corviknight|Protect|p2a: Corviknight\n|-singleturn|p2a: Corviknight|Protect\n|move|p1a: Spiritomb|Soul Toll|p2a: Corviknight\n|-activate|p2a: Corviknight|move: Protect\n|\n|-heal|p1a: Spiritomb|42/100|[from] item: Leftovers\n|upkeep\n|turn|31\n|\n|t:|1789762676\n|move|p2a: Corviknight|Roost|p2a: Corviknight\n|-heal|p2a: Corviknight|100/100\n|-singleturn|p2a: Corviknight|move: Roost\n|move|p1a: Spiritomb|Soul Toll|p2a: Corviknight\n|-damage|p2a: Corviknight|72/100\n|\n|-heal|p1a: Spiritomb|49/100|[from] item: Leftovers\n|upkeep\n|turn|32\n|\n|t:|1789762677\n|move|p2a: Corviknight|Protect|p2a: Corviknight\n|-singleturn|p2a: Corviknight|Protect\n|move|p1a: Spiritomb|Soul Toll|p2a: Corviknight\n|-activate|p2a: Corviknight|move: Protect\n|\n|-heal|p1a: Spiritomb|55/100|[from] item: Leftovers\n|upkeep\n|turn|33\n|\n|t:|1789762678\n|move|p2a: Corviknight|Roost|p2a: Corviknight\n|-heal|p2a: Corviknight|100/100\n|-singleturn|p2a: Corviknight|move: Roost\n|move|p1a: Spiritomb|Soul Toll|p2a: Corviknight\n|-damage|p2a: Corviknight|71/100\n|\n|-heal|p1a: Spiritomb|61/100|[from] item: Leftovers\n|upkeep\n|turn|34\n|\n|t:|1789762679\n|move|p2a: Corviknight|Protect|p2a: Corviknight\n|-singleturn|p2a: Corviknight|Protect\n|move|p1a: Spiritomb|Soul Toll|p2a: Corviknight\n|-activate|p2a: Corviknight|move: Protect\n|\n|-heal|p1a: Spiritomb|67/100|[from] item: Leftovers\n|upkeep\n|turn|35\n|\n|t:|1789762686\n|move|p2a: Corviknight|Roost|p2a: Corviknight\n|-heal|p2a: Corviknight|100/100\n|-singleturn|p2a: Corviknight|move: Roost\n|move|p1a: Spiritomb|Soul Toll|p2a: Corviknight\n|-damage|p2a: Corviknight|72/100\n|\n|-heal|p1a: Spiritomb|73/100|[from] item: Leftovers\n|upkeep\n|turn|36\n|\n|t:|1789762688\n|move|p2a: Corviknight|Protect|p2a: Corviknight\n|-singleturn|p2a: Corviknight|Protect\n|move|p1a: Spiritomb|Will-O-Wisp|p2a: Corviknight\n|-activate|p2a: Corviknight|move: Protect\n|\n|-heal|p1a: Spiritomb|79/100|[from] item: Leftovers\n|upkeep\n|turn|37\n|\n|t:|1789762689\n|move|p2a: Corviknight|Roost|p2a: Corviknight\n|-heal|p2a: Corviknight|100/100\n|-singleturn|p2a: Corviknight|move: Roost\n|move|p1a: Spiritomb|Will-O-Wisp|p2a: Corviknight\n|-status|p2a: Corviknight|brn\n|\n|-heal|p1a: Spiritomb|86/100|[from] item: Leftovers\n|-damage|p2a: Corviknight|94/100 brn|[from] brn\n|upkeep\n|turn|38\n|\n|t:|1789762693\n|move|p2a: Corviknight|Protect|p2a: Corviknight\n|-singleturn|p2a: Corviknight|Protect\n|move|p1a: Spiritomb|Carrion Feast|p2a: Corviknight\n|-activate|p2a: Corviknight|move: Protect\n|\n|-heal|p1a: Spiritomb|92/100|[from] item: Leftovers\n|-damage|p2a: Corviknight|88/100 brn|[from] brn\n|upkeep\n|turn|39\n|\n|t:|1789762694\n|move|p2a: Corviknight|Iron Head|p1a: Spiritomb\n|-damage|p1a: Spiritomb|82/100\n|move|p1a: Spiritomb|Carrion Feast|p2a: Corviknight\n|-damage|p2a: Corviknight|76/100 brn\n|-heal|p1a: Spiritomb|88/100|[from] drain|[of] p2a: Corviknight\n|\n|-heal|p1a: Spiritomb|94/100|[from] item: Leftovers\n|-damage|p2a: Corviknight|70/100 brn|[from] brn\n|upkeep\n|turn|40\n|\n|t:|1789762695\n|move|p2a: Corviknight|Iron Head|p1a: Spiritomb\n|-damage|p1a: Spiritomb|85/100\n|cant|p1a: Spiritomb|flinch\n|\n|-heal|p1a: Spiritomb|91/100|[from] item: Leftovers\n|-damage|p2a: Corviknight|63/100 brn|[from] brn\n|upkeep\n|turn|41\n|\n|t:|1789762696\n|move|p2a: Corviknight|Iron Head|p1a: Spiritomb\n|-damage|p1a: Spiritomb|80/100\n|move|p1a: Spiritomb|Carrion Feast|p2a: Corviknight\n|-damage|p2a: Corviknight|52/100 brn\n|-heal|p1a: Spiritomb|87/100|[from] drain|[of] p2a: Corviknight\n|\n|-heal|p1a: Spiritomb|93/100|[from] item: Leftovers\n|-damage|p2a: Corviknight|46/100 brn|[from] brn\n|upkeep\n|turn|42\n|\n|t:|1789762698\n|move|p2a: Corviknight|Iron Head|p1a: Spiritomb\n|-damage|p1a: Spiritomb|83/100\n|move|p1a: Spiritomb|Carrion Feast|p2a: Corviknight\n|-damage|p2a: Corviknight|33/100 brn\n|-heal|p1a: Spiritomb|90/100|[from] drain|[of] p2a: Corviknight\n|\n|-heal|p1a: Spiritomb|96/100|[from] item: Leftovers\n|-damage|p2a: Corviknight|27/100 brn|[from] brn\n|upkeep\n|turn|43\n|\n|t:|1789762699\n|move|p2a: Corviknight|Roost|p2a: Corviknight\n|-heal|p2a: Corviknight|77/100 brn\n|-singleturn|p2a: Corviknight|move: Roost\n|move|p1a: Spiritomb|Carrion Feast|p2a: Corviknight\n|-damage|p2a: Corviknight|64/100 brn\n|-heal|p1a: Spiritomb|100/100|[from] drain|[of] p2a: Corviknight\n|\n|-damage|p2a: Corviknight|58/100 brn|[from] brn\n|upkeep\n|turn|44\n|\n|t:|1789762700\n|move|p2a: Corviknight|Protect|p2a: Corviknight\n|-singleturn|p2a: Corviknight|Protect\n|move|p1a: Spiritomb|Carrion Feast|p2a: Corviknight\n|-activate|p2a: Corviknight|move: Protect\n|\n|-damage|p2a: Corviknight|51/100 brn|[from] brn\n|upkeep\n|turn|45\n|\n|t:|1789762701\n|move|p2a: Corviknight|Roost|p2a: Corviknight\n|-heal|p2a: Corviknight|100/100 brn\n|-singleturn|p2a: Corviknight|move: Roost\n|move|p1a: Spiritomb|Carrion Feast|p2a: Corviknight\n|-damage|p2a: Corviknight|87/100 brn\n|\n|-damage|p2a: Corviknight|81/100 brn|[from] brn\n|upkeep\n|turn|46\n|\n|t:|1789762702\n|move|p2a: Corviknight|Protect|p2a: Corviknight\n|-singleturn|p2a: Corviknight|Protect\n|move|p1a: Spiritomb|Carrion Feast|p2a: Corviknight\n|-activate|p2a: Corviknight|move: Protect\n|\n|-damage|p2a: Corviknight|75/100 brn|[from] brn\n|upkeep\n|turn|47\n|\n|t:|1789762703\n|move|p2a: Corviknight|Iron Head|p1a: Spiritomb\n|-damage|p1a: Spiritomb|91/100\n|move|p1a: Spiritomb|Carrion Feast|p2a: Corviknight\n|-damage|p2a: Corviknight|62/100 brn\n|-heal|p1a: Spiritomb|98/100|[from] drain|[of] p2a: Corviknight\n|\n|-heal|p1a: Spiritomb|100/100|[from] item: Leftovers\n|-damage|p2a: Corviknight|56/100 brn|[from] brn\n|upkeep\n|turn|48\n|\n|t:|1789762704\n|move|p2a: Corviknight|Iron Head|p1a: Spiritomb\n|-damage|p1a: Spiritomb|90/100\n|move|p1a: Spiritomb|Carrion Feast|p2a: Corviknight\n|-damage|p2a: Corviknight|44/100 brn\n|-heal|p1a: Spiritomb|96/100|[from] drain|[of] p2a: Corviknight\n|\n|-heal|p1a: Spiritomb|100/100|[from] item: Leftovers\n|-damage|p2a: Corviknight|38/100 brn|[from] brn\n|upkeep\n|turn|49\n|\n|t:|1789762706\n|move|p2a: Corviknight|Roost|p2a: Corviknight\n|-heal|p2a: Corviknight|88/100 brn\n|-singleturn|p2a: Corviknight|move: Roost\n|move|p1a: Spiritomb|Carrion Feast|p2a: Corviknight\n|-damage|p2a: Corviknight|75/100 brn\n|\n|-damage|p2a: Corviknight|68/100 brn|[from] brn\n|upkeep\n|turn|50\n|\n|t:|1789762707\n|move|p2a: Corviknight|Protect|p2a: Corviknight\n|-singleturn|p2a: Corviknight|Protect\n|move|p1a: Spiritomb|Carrion Feast|p2a: Corviknight\n|-activate|p2a: Corviknight|move: Protect\n|\n|-damage|p2a: Corviknight|62/100 brn|[from] brn\n|upkeep\n|turn|51\n|\n|t:|1789762711\n|move|p2a: Corviknight|Roost|p2a: Corviknight\n|-heal|p2a: Corviknight|100/100 brn\n|-singleturn|p2a: Corviknight|move: Roost\n|move|p1a: Spiritomb|Strength Sap|p2a: Corviknight\n|-unboost|p2a: Corviknight|atk|1\n|\n|-damage|p2a: Corviknight|94/100 brn|[from] brn\n|upkeep\n|turn|52\n|\n|t:|1789762712\n|move|p2a: Corviknight|U-turn|p1a: Spiritomb\n|-damage|p1a: Spiritomb|96/100\n|\n|t:|1789762713\n|switch|p2a: Pawmot|Pawmot|13/100|[from] U-turn\n|-damage|p2a: Pawmot|7/100|[from] Stealth Rock\n|move|p1a: Spiritomb|Strength Sap|p2a: Pawmot\n|-unboost|p2a: Pawmot|atk|1\n|-heal|p1a: Spiritomb|100/100\n|\n|upkeep\n|turn|53\n|\n|t:|1789762715\n|move|p2a: Pawmot|Revival Blessing|p2a: Pawmot\n|\n|t:|1789762718\n|-heal|p2: Haxorus|50/100|[from] move: Revival Blessing\n|move|p1a: Spiritomb|Will-O-Wisp|p2a: Pawmot\n|-status|p2a: Pawmot|brn\n|\n|-damage|p2a: Pawmot|0 fnt|[from] brn\n|faint|p2a: Pawmot\n|upkeep\n|\n|t:|1789762720\n|switch|p2a: Haxorus|Haxorus|50/100\n|-damage|p2a: Haxorus|38/100|[from] Stealth Rock\n|-ability|p2a: Haxorus|Mold Breaker\n|turn|54\n|\n|t:|1789762721\n|move|p2a: Haxorus|Hone Claws|p2a: Haxorus\n|-boost|p2a: Haxorus|atk|1\n|-boost|p2a: Haxorus|accuracy|1\n|move|p1a: Spiritomb|Will-O-Wisp|p2a: Haxorus\n|-status|p2a: Haxorus|brn\n|\n|-damage|p2a: Haxorus|32/100 brn|[from] brn\n|upkeep\n|turn|55\n|\n|t:|1789762724\n|move|p2a: Haxorus|Hone Claws|p2a: Haxorus\n|-boost|p2a: Haxorus|atk|1\n|-boost|p2a: Haxorus|accuracy|1\n|move|p1a: Spiritomb|Strength Sap|p2a: Haxorus\n|-unboost|p2a: Haxorus|atk|1\n|\n|-damage|p2a: Haxorus|26/100 brn|[from] brn\n|upkeep\n|turn|56\n|\n|t:|1789762725\n|move|p2a: Haxorus|Hone Claws|p2a: Haxorus\n|-boost|p2a: Haxorus|atk|1\n|-boost|p2a: Haxorus|accuracy|1\n|move|p1a: Spiritomb|Strength Sap|p2a: Haxorus\n|-unboost|p2a: Haxorus|atk|1\n|\n|-damage|p2a: Haxorus|20/100 brn|[from] brn\n|upkeep\n|turn|57\n|\n|t:|1789762726\n|move|p2a: Haxorus|Scale Shot|p1a: Spiritomb\n|-damage|p1a: Spiritomb|92/100\n|-damage|p1a: Spiritomb|84/100\n|-damage|p1a: Spiritomb|76/100\n|-damage|p1a: Spiritomb|68/100\n|-damage|p1a: Spiritomb|58/100\n|-hitcount|p1a: Spiritomb|5\n|-unboost|p2a: Haxorus|def|1\n|-boost|p2a: Haxorus|spe|1\n|move|p1a: Spiritomb|Strength Sap|p2a: Haxorus\n|-unboost|p2a: Haxorus|atk|1\n|-heal|p1a: Spiritomb|100/100\n|\n|-damage|p2a: Haxorus|14/100 brn|[from] brn\n|upkeep\n|turn|58\n|\n|t:|1789762730\n|move|p2a: Haxorus|Iron Head|p1a: Spiritomb\n|-damage|p1a: Spiritomb|89/100\n|move|p1a: Spiritomb|Strength Sap|p2a: Haxorus\n|-unboost|p2a: Haxorus|atk|1\n|-heal|p1a: Spiritomb|100/100\n|\n|-damage|p2a: Haxorus|8/100 brn|[from] brn\n|upkeep\n|turn|59\n|\n|t:|1789762732\n|move|p2a: Haxorus|Iron Head|p1a: Spiritomb\n|-damage|p1a: Spiritomb|92/100\n|cant|p1a: Spiritomb|flinch\n|\n|-heal|p1a: Spiritomb|98/100|[from] item: Leftovers\n|-damage|p2a: Haxorus|2/100 brn|[from] brn\n|upkeep\n|turn|60\n|\n|t:|1789762734\n|move|p2a: Haxorus|Iron Head|p1a: Spiritomb\n|-damage|p1a: Spiritomb|90/100\n|cant|p1a: Spiritomb|flinch\n|\n|-heal|p1a: Spiritomb|96/100|[from] item: Leftovers\n|-damage|p2a: Haxorus|0 fnt|[from] brn\n|faint|p2a: Haxorus\n|upkeep\n|\n|t:|1789762738\n|switch|p2a: Corviknight|Corviknight|94/100 brn\n|-damage|p2a: Corviknight|82/100 brn|[from] Stealth Rock\n|-ability|p2a: Corviknight|Pressure\n|turn|61\n|\n|t:|1789762740\n|move|p2a: Corviknight|Iron Head|p1a: Spiritomb\n|-damage|p1a: Spiritomb|87/100\n|move|p1a: Spiritomb|Strength Sap|p2a: Corviknight\n|-unboost|p2a: Corviknight|atk|1\n|-heal|p1a: Spiritomb|100/100\n|\n|-damage|p2a: Corviknight|75/100 brn|[from] brn\n|upkeep\n|turn|62\n|\n|t:|1789762741\n|move|p2a: Corviknight|Protect|p2a: Corviknight\n|-singleturn|p2a: Corviknight|Protect\n|move|p1a: Spiritomb|Strength Sap|p2a: Corviknight\n|-activate|p2a: Corviknight|move: Protect\n|\n|-damage|p2a: Corviknight|69/100 brn|[from] brn\n|upkeep\n|turn|63\n|\n|t:|1789762742\n|move|p2a: Corviknight|Iron Head|p1a: Spiritomb\n|-damage|p1a: Spiritomb|94/100\n|move|p1a: Spiritomb|Strength Sap|p2a: Corviknight\n|-unboost|p2a: Corviknight|atk|1\n|-heal|p1a: Spiritomb|100/100\n|\n|-damage|p2a: Corviknight|63/100 brn|[from] brn\n|upkeep\n|turn|64\n|\n|t:|1789762743\n|move|p2a: Corviknight|Protect|p2a: Corviknight\n|-singleturn|p2a: Corviknight|Protect\n|move|p1a: Spiritomb|Strength Sap|p2a: Corviknight\n|-activate|p2a: Corviknight|move: Protect\n|\n|-damage|p2a: Corviknight|57/100 brn|[from] brn\n|upkeep\n|turn|65\n|\n|t:|1789762744\n|move|p2a: Corviknight|Iron Head|p1a: Spiritomb\n|-crit|p1a: Spiritomb\n|-damage|p1a: Spiritomb|86/100\n|move|p1a: Spiritomb|Strength Sap|p2a: Corviknight\n|-unboost|p2a: Corviknight|atk|1\n|-heal|p1a: Spiritomb|100/100\n|\n|-damage|p2a: Corviknight|50/100 brn|[from] brn\n|upkeep\n|turn|66\n|\n|t:|1789762746\n|move|p2a: Corviknight|Protect|p2a: Corviknight\n|-singleturn|p2a: Corviknight|Protect\n|move|p1a: Spiritomb|Will-O-Wisp|p2a: Corviknight\n|-activate|p2a: Corviknight|move: Protect\n|\n|-damage|p2a: Corviknight|44/100 brn|[from] brn\n|upkeep\n|turn|67\n|\n|t:|1789762747\n|move|p2a: Corviknight|Roost|p2a: Corviknight\n|-heal|p2a: Corviknight|94/100 brn\n|-singleturn|p2a: Corviknight|move: Roost\n|move|p1a: Spiritomb|Will-O-Wisp|p2a: Corviknight\n|-fail|p2a: Corviknight|brn\n|\n|-damage|p2a: Corviknight|88/100 brn|[from] brn\n|upkeep\n|turn|68\n|\n|t:|1789762748\n|move|p2a: Corviknight|Iron Head|p1a: Spiritomb\n|-damage|p1a: Spiritomb|97/100\n|cant|p1a: Spiritomb|flinch\n|\n|-heal|p1a: Spiritomb|100/100|[from] item: Leftovers\n|-damage|p2a: Corviknight|82/100 brn|[from] brn\n|upkeep\n|turn|69\n|\n|t:|1789762751\n|move|p2a: Corviknight|Protect|p2a: Corviknight\n|-singleturn|p2a: Corviknight|Protect\n|move|p1a: Spiritomb|Will-O-Wisp|p2a: Corviknight\n|-activate|p2a: Corviknight|move: Protect\n|\n|-damage|p2a: Corviknight|75/100 brn|[from] brn\n|upkeep\n|turn|70\n|\n|t:|1789762753\n|move|p2a: Corviknight|U-turn|p1a: Spiritomb\n|-damage|p1a: Spiritomb|98/100\n|\n|t:|1789762754\n|switch|p2a: Glaceon|Glaceon|100/100|[from] U-turn\n|-damage|p2a: Glaceon|76/100|[from] Stealth Rock\n|-weather|Snowscape|[from] ability: Diamond Dust|[of] p2a: Glaceon\n|move|p1a: Spiritomb|Will-O-Wisp|p2a: Glaceon\n|-status|p2a: Glaceon|brn\n|\n|-weather|Snowscape|[upkeep]\n|-heal|p1a: Spiritomb|100/100|[from] item: Leftovers\n|-damage|p2a: Glaceon|70/100 brn|[from] brn\n|upkeep\n|turn|71\n|\n|t:|1789762757\n|move|p2a: Glaceon|Blizzard|p1a: Spiritomb\n|-damage|p1a: Spiritomb|42/100\n|move|p1a: Spiritomb|Will-O-Wisp|p2a: Glaceon\n|-fail|p2a: Glaceon|brn\n|\n|-weather|Snowscape|[upkeep]\n|-heal|p1a: Spiritomb|48/100|[from] item: Leftovers\n|-damage|p2a: Glaceon|64/100 brn|[from] brn\n|upkeep\n|turn|72\n|\n|t:|1789762760\n|move|p2a: Glaceon|Blizzard|p1a: Spiritomb\n|-ability|p1a: Spiritomb|Keystone Legion\n|-message|The spirits of the keystone shield Spiritomb!\n|-start|p2a: Glaceon|Curse|[of] p1a: Spiritomb\n|-damage|p1a: Spiritomb|1/100\n|move|p1a: Spiritomb|Will-O-Wisp|p2a: Glaceon|[miss]\n|-miss|p1a: Spiritomb|p2a: Glaceon\n|\n|-weather|Snowscape|[upkeep]\n|-heal|p1a: Spiritomb|7/100|[from] item: Leftovers\n|-damage|p2a: Glaceon|58/100 brn|[from] brn\n|-damage|p2a: Glaceon|33/100 brn|[from] Curse\n|upkeep\n|turn|73\n|\n|t:|1789762762\n|move|p2a: Glaceon|Blizzard|p1a: Spiritomb\n|-damage|p1a: Spiritomb|0 fnt\n|faint|p1a: Spiritomb\n|\n|win|TheRealWhimsicott\n",
	"inputlog": ">start {\"formatid\":\"gen9rpou\",\"seed\":\"sodium,809f94891a9a69059ee6258ac0d37977\",\"rated\":\"Rated battle\"}\n>player p1 {\"name\":\"Bunny Stockfish\",\"avatar\":\"bunny.png\",\"team\":\"Espeon||LifeOrb|Prescience|Psychic,AlluringVoice,ShadowBall,CalmMind|Timid|,,,252,4,252|N||||,,,,,Fairy]Ogerpon||HeavyDutyBoots|Defiant|IvyCudgel,KnockOff,Uturn,Encore|Jolly|,252,4,,,252|N||||,,,,,Grass]Spiritomb||Leftovers|KeystoneLegion|SoulToll,StrengthSap,WillOWisp,CarrionFeast|Calm|252,,4,,252,|N||||,,,,,Fairy]Kyurem||AssaultVest|Pressure|IceBeam,FreezeDry,EarthPower,DracoMeteor|Modest|,,252,160,,96|N||||,,,,,Fairy]Glaceon||LifeOrb|DiamondDust|Blizzard,EarthPower,SparkScamper,FreezeDry|Timid|,,,252,4,252|N||||,,,,,Ice]Clodsire||HeavyDutyBoots|Unaware|Earthquake,Recover,Toxic,StealthRock|Careful|248,,8,,252,|N||||,,,,,Steel\",\"rating\":1332}\n>player p2 {\"name\":\"TheRealWhimsicott\",\"avatar\":\"266\",\"team\":\"Kingambit||BlackGlasses|SupremeOverlord|KnockOff,IronHead,SuckerPunch,SwordsDance|Adamant|252,252,,,4,|N||||,,,,,Dark]Haxorus||LoadedDice|MoldBreaker|HoneClaws,ScaleShot,Earthquake,IronHead|Jolly|4,252,,,,252|N||||,,,,,Steel]Pawmot||ChoiceBand|IronFist|RevivalBlessing,SparkScamper,CloseCombat,DoubleShock|Jolly|4,252,,,,252|N||||,,,,,Electric]Glaceon||ChoiceSpecs|DiamondDust|EarthPower,FreezeDry,FocusBlast,Blizzard|Modest|,,,252,4,252|N|,0,,,,|||,,,,,Ice]Tinkaton||AirBalloon|MoldBreaker|GigatonHammer,CragHammer,StealthRock,Encore|Jolly|,252,,,4,252|F||||,,,,,Fairy]Corviknight||Leftovers|Pressure|Roost,Uturn,Protect,IronHead|Impish|252,,252,,4,|N||||,,,,,Water\",\"rating\":1487}\n>chat ☆Bunny Stockfish|Good luck! Playing on **stockfish**.\n>p1 team 6, 1, 2, 5, 4, 3\n>p2 team 5, 2, 3, 4, 1, 6\n>p1 move stealthrock\n>p2 move stealthrock\n>p1 move recover\n>p2 move encore\n>p1 switch 6\n>p2 move craghammer\n>p1 move soultoll\n>p2 move gigatonhammer\n>p1 move soultoll\n>p2 move encore\n>p1 switch 6\n>p2 move gigatonhammer\n>p1 move earthquake\n>p2 move craghammer\n>p2 switch 2\n>p1 switch 4\n>p2 move honeclaws\n>p1 move blizzard terastallize\n>p2 move scaleshot terastallize\n>p2 switch 5\n>p1 move earthpower\n>p2 move ironhead dynamax\n>p1 switch 5\n>p1 move earthpower dynamax\n>p2 move ironhead dynamax\n>p1 move earthpower dynamax\n>p2 move swordsdance dynamax\n>p1 move earthpower dynamax\n>p2 move suckerpunch\n>p2 switch 6\n>p1 move icebeam\n>p2 move ironhead\n>p1 switch 2\n>p1 move shadowball\n>p2 move protect\n>p1 move shadowball\n>p2 move roost\n>p1 move calmmind\n>p2 move protect\n>p1 move shadowball\n>p2 move uturn\n>p2 switch 3\n>p1 move psychic\n>p2 move sparkscamper\n>p1 switch 3\n>p1 move ivycudgel\n>p2 switch 3\n>p1 move knockoff\n>p2 move protect\n>p1 move knockoff\n>p2 move roost\n>p1 move knockoff\n>p2 move roost\n>p1 move encore\n>p2 move ironhead\n>p1 move encore\n>p2 move roost\n>p1 move encore\n>p2 switch 3\n>p1 move ivycudgel\n>p2 move closecombat\n>p1 switch 4\n>p1 move earthquake\n>p2 move closecombat\n>p1 switch 6\n>p1 move soultoll\n>p2 switch 3\n>p1 move soultoll\n>p2 move protect\n>p1 move soultoll\n>p2 move roost\n>p1 move soultoll\n>p2 move protect\n>p1 move soultoll\n>p2 move roost\n>p1 move soultoll\n>p2 move protect\n>p1 move soultoll\n>p2 move roost\n>p1 move willowisp\n>p2 move protect\n>p1 move willowisp\n>p2 move roost\n>p1 move carrionfeast\n>p2 move protect\n>p1 move carrionfeast\n>p2 move ironhead\n>p1 move carrionfeast\n>p2 move ironhead\n>p1 move carrionfeast\n>p2 move ironhead\n>p1 move carrionfeast\n>p2 move ironhead\n>p1 move carrionfeast\n>p2 move roost\n>p1 move carrionfeast\n>p2 move protect\n>p1 move carrionfeast\n>p2 move roost\n>p1 move carrionfeast\n>p2 move protect\n>p1 move carrionfeast\n>p2 move ironhead\n>p1 move carrionfeast\n>p2 move ironhead\n>p1 move carrionfeast\n>p2 move roost\n>p1 move carrionfeast\n>p2 move protect\n>p1 move strengthsap\n>p2 move roost\n>p1 move strengthsap\n>p2 move uturn\n>p2 switch 3\n>p1 move willowisp\n>p2 move revivalblessing\n>p2 switch 5\n>p2 switch 5\n>p1 move willowisp\n>p2 move honeclaws\n>p1 move strengthsap\n>p2 move honeclaws\n>p1 move strengthsap\n>p2 move honeclaws\n>p1 move strengthsap\n>p2 move scaleshot\n>p1 move strengthsap\n>p2 move ironhead\n>p1 move strengthsap\n>p2 move ironhead\n>p1 move strengthsap\n>p2 move ironhead\n>p2 switch 3\n>p1 move strengthsap\n>p2 move ironhead\n>p1 move strengthsap\n>p2 move protect\n>p1 move strengthsap\n>p2 move ironhead\n>p1 move strengthsap\n>p2 move protect\n>p1 move strengthsap\n>p2 move ironhead\n>p1 move willowisp\n>p2 move protect\n>p1 move willowisp\n>p2 move roost\n>p1 move willowisp\n>p2 move ironhead\n>p1 move willowisp\n>p2 move protect\n>p1 move willowisp\n>p2 move uturn\n>p2 switch 4\n>p1 move willowisp\n>p2 move blizzard\n>p1 move willowisp\n>p2 move blizzard\n>p1 move willowisp\n>p2 move blizzard",
	"uploadtime": 1789762762
}