{
	"id": "gen9rpbattle-43-tls6zd",
	"format": "[Gen 9] RP Battle",
	"players": [
		"simia ignis",
		"StaleThunder126"
	],
	"rating": null,
	"log": "|j|☆simia ignis\n|j|☆StaleThunder126\n|t:|1790126546\n|gametype|singles\n|player|p1|simia ignis|simia-ignis.png|\n|player|p2|StaleThunder126|jolt.png|\n|gen|9\n|tier|[Gen 9] RP Battle\n|clearpoke\n|poke|p1|Smeargle, L18|\n|poke|p1|Monferno, L18|\n|poke|p2|Froakie, L13|\n|poke|p2|Gumshoos, L13|\n|poke|p2|Zigzagoon, L13|\n|poke|p2|Skwovet, L13|\n|poke|p2|Burmy, L13|\n|poke|p2|Rattata, L13|\n|teampreview\n|j|&SlimeQueenSamantha\n|inactive|Battle timer is ON: inactive players will automatically lose when time's up. (requested by simia ignis)\n|\n|t:|1790126599\n|teamsize|p1|2\n|teamsize|p2|6\n|start\n|switch|p1a: Smeargle|Smeargle, L18|100/100\n|switch|p2a: Skwovet|Skwovet, L13|100/100\n|turn|1\n|\n|t:|1790126606\n|move|p1a: Smeargle|Spore|p2a: Skwovet\n|-status|p2a: Skwovet|slp|[from] move: Spore\n|cant|p2a: Skwovet|slp\n|\n|-ability|p1a: Smeargle|Moody|boost\n|-boost|p1a: Smeargle|spa|2\n|-unboost|p1a: Smeargle|spe|1\n|upkeep\n|turn|2\n|\n|t:|1790126615\n|move|p1a: Smeargle|Substitute|p1a: Smeargle\n|-start|p1a: Smeargle|Substitute\n|-damage|p1a: Smeargle|76/100\n|-curestatus|p2a: Skwovet|slp|[msg]\n|move|p2a: Skwovet|Dig||[still]\n|-prepare|p2a: Skwovet|Dig\n|\n|-ability|p1a: Smeargle|Moody|boost\n|-boost|p1a: Smeargle|atk|2\n|-unboost|p1a: Smeargle|spe|1\n|upkeep\n|turn|3\n|\n|t:|1790126627\n|move|p1a: Smeargle|Shell Smash|p1a: Smeargle\n|-unboost|p1a: Smeargle|def|1\n|-unboost|p1a: Smeargle|spd|1\n|-boost|p1a: Smeargle|atk|2\n|-boost|p1a: Smeargle|spa|2\n|-boost|p1a: Smeargle|spe|2\n|move|p2a: Skwovet|Dig|p1a: Smeargle|[from] lockedmove\n|-end|p1a: Smeargle|Substitute\n|\n|-ability|p1a: Smeargle|Moody|boost\n|-boost|p1a: Smeargle|spd|2\n|-unboost|p1a: Smeargle|spa|1\n|upkeep\n|turn|4\n|\n|t:|1790126645\n|move|p1a: Smeargle|Spore|p2a: Skwovet\n|-status|p2a: Skwovet|slp|[from] move: Spore\n|cant|p2a: Skwovet|slp\n|\n|-ability|p1a: Smeargle|Moody|boost\n|-boost|p1a: Smeargle|atk|2\n|-unboost|p1a: Smeargle|spd|1\n|upkeep\n|turn|5\n|\n|t:|1790126654\n|move|p1a: Smeargle|Substitute|p1a: Smeargle\n|-start|p1a: Smeargle|Substitute\n|-damage|p1a: Smeargle|52/100\n|cant|p2a: Skwovet|slp\n|\n|-ability|p1a: Smeargle|Moody|boost\n|-boost|p1a: Smeargle|spa|2\n|-unboost|p1a: Smeargle|def|1\n|upkeep\n|turn|6\n|\n|t:|1790126664\n|move|p1a: Smeargle|Shell Smash|p1a: Smeargle\n|-unboost|p1a: Smeargle|def|1\n|-unboost|p1a: Smeargle|spd|1\n|-boost|p1a: Smeargle|atk|0\n|-boost|p1a: Smeargle|spa|1\n|-boost|p1a: Smeargle|spe|2\n|cant|p2a: Skwovet|slp\n|\n|-ability|p1a: Smeargle|Moody|boost\n|-boost|p1a: Smeargle|def|2\n|-unboost|p1a: Smeargle|spd|1\n|upkeep\n|turn|7\n|\n|t:|1790126692\n|move|p1a: Smeargle|Spore|p2a: Skwovet\n|-fail|p2a: Skwovet|slp\n|-curestatus|p2a: Skwovet|slp|[msg]\n|move|p2a: Skwovet|Body Slam|p1a: Smeargle\n|-end|p1a: Smeargle|Substitute\n|\n|-ability|p1a: Smeargle|Moody|boost\n|-boost|p1a: Smeargle|spe|2\n|-unboost|p1a: Smeargle|def|1\n|upkeep\n|turn|8\n|c|&SlimeQueenSamantha|i gotta say\n|inactive|StaleThunder126 has 270 seconds left.\n|c|&SlimeQueenSamantha|this custom av is rlly good\n|inactive|StaleThunder126 has 240 seconds left.\n|\n|t:|1790126749\n|switch|p2a: Zigzagoon|Zigzagoon, L13|100/100\n|move|p1a: Smeargle|Spore|p2a: Zigzagoon\n|-status|p2a: Zigzagoon|slp|[from] move: Spore\n|\n|-ability|p1a: Smeargle|Moody|boost\n|-boost|p1a: Smeargle|def|2\n|-unboost|p1a: Smeargle|spa|1\n|upkeep\n|turn|9\n|inactive|StaleThunder126 has 210 seconds left.\n|\n|t:|1790126780\n|move|p1a: Smeargle|Substitute|p1a: Smeargle\n|-start|p1a: Smeargle|Substitute\n|-damage|p1a: Smeargle|28/100\n|cant|p2a: Zigzagoon|slp\n|\n|-ability|p1a: Smeargle|Moody|boost\n|-boost|p1a: Smeargle|spd|2\n|-unboost|p1a: Smeargle|def|1\n|upkeep\n|turn|10\n|\n|t:|1790126788\n|move|p1a: Smeargle|Baton Pass|p1a: Smeargle\n|\n|t:|1790126790\n|switch|p1a: Monferno|Monferno, L18|100/100|[from] Baton Pass\n|-curestatus|p2a: Zigzagoon|slp|[msg]\n|move|p2a: Zigzagoon|Double-Edge|p1a: Monferno\n|-end|p1a: Monferno|Substitute\n|-damage|p2a: Zigzagoon|89/100|[from] Recoil\n|\n|upkeep\n|turn|11\n|\n|t:|1790126799\n|move|p1a: Monferno|Fire Punch|p2a: Zigzagoon\n|-damage|p2a: Zigzagoon|0 fnt\n|faint|p2a: Zigzagoon\n|\n|upkeep\n|\n|t:|1790126807\n|switch|p2a: Froakie|Froakie, L13|100/100\n|turn|12\n|\n|t:|1790126811\n|move|p1a: Monferno|Acrobatics|p2a: Froakie\n|-damage|p2a: Froakie|0 fnt\n|faint|p2a: Froakie\n|\n|upkeep\n|\n|t:|1790126817\n|switch|p2a: Burmy|Burmy, L13|100/100\n|turn|13\n|inactive|StaleThunder126 has 240 seconds left.\n|\n|t:|1790126831\n|move|p1a: Monferno|Acrobatics|p2a: Burmy\n|-supereffective|p2a: Burmy\n|-damage|p2a: Burmy|0 fnt\n|faint|p2a: Burmy\n|\n|upkeep\n|\n|t:|1790126837\n|switch|p2a: Skwovet|Skwovet, L13|100/100\n|turn|14\n|inactive|StaleThunder126 has 240 seconds left.\n|\n|t:|1790126843\n|move|p1a: Monferno|Acrobatics|p2a: Skwovet\n|-damage|p2a: Skwovet|0 fnt\n|faint|p2a: Skwovet\n|\n|upkeep\n|inactive|StaleThunder126 has 240 seconds left.\n|\n|t:|1790126849\n|switch|p2a: Gumshoos|Gumshoos, L13|100/100\n|turn|15\n|\n|t:|1790126853\n|move|p1a: Monferno|Close Combat|p2a: Gumshoos\n|-supereffective|p2a: Gumshoos\n|-damage|p2a: Gumshoos|0 fnt\n|-unboost|p1a: Monferno|def|1\n|-unboost|p1a: Monferno|spd|1\n|faint|p2a: Gumshoos\n|\n|upkeep\n|\n|t:|1790126861\n|switch|p2a: Rattata|Rattata, L13|100/100\n|turn|16\n|\n|t:|1790126869\n|move|p1a: Monferno|Acrobatics|p2a: Rattata\n|-damage|p2a: Rattata|0 fnt\n|faint|p2a: Rattata\n|\n|win|simia ignis\n",
	"inputlog": ">start {\"formatid\":\"gen9rpbattle\",\"seed\":\"sodium,e5d49a49a926d6db4a495ef73ea6267d\"}\n>player p1 {\"name\":\"simia ignis\",\"avatar\":\"simia-ignis.png\",\"team\":\"Smeargle|||Moody|Spore,ShellSmash,BatonPass,Substitute|Timid|16,,,,252,232|N|,0,,,,||18|,,,,,Normal]Monferno|||IronFist|FirePunch,CloseCombat,BrickBreak,Acrobatics|Jolly|,252,,,,252|N|||18|,,,,,Fire\",\"rating\":0}\n>player p2 {\"name\":\"StaleThunder126\",\"avatar\":\"jolt.png\",\"team\":\"Froakie|||Protean|Surf,Uturn,IceBeam,MudShot|Modest|,,,252,4,252|N|||13|,,,,,Water]Gumshoos|||Stakeout|DoubleEdge,Uturn,Earthquake,KnockOff|Adamant|,252,,,4,252|N|||13|,,,,,Normal]Zigzagoon|||QuickFeet|DoubleEdge,Dig,SeedBomb,IronTail|Adamant|,252,,,4,252|N|||13|,,,,,Normal]Skwovet|||CheekPouch|BodySlam,Rest,Dig,SeedBomb|Adamant|252,252,,,4,|N|||13|,,,,,Normal]Burmy|||ShedSkin|hivefrenzy,chrysalisveil,Tackle,solarnectar|Adamant|252,252,,,4,|N|||13|,,,,,Bug]Rattata|||Guts|DoubleEdge,Uturn,Dig,SuckerPunch|Adamant|,252,,,4,252|N|||13|,,,,,Normal\",\"rating\":0}\n>p1 team 1, 2\n>p2 team 4, 2, 3, 1, 5, 6\n>p1 move spore\n>p2 move dig\n>p1 move substitute\n>p2 move dig\n>p1 move shellsmash\n>p2 move dig\n>p1 move spore\n>p2 move seedbomb\n>p1 move substitute\n>p2 move bodyslam\n>p1 move shellsmash\n>p2 move bodyslam\n>p1 move spore\n>p2 move bodyslam\n>chat &SlimeQueenSamantha|i gotta say\n>chat &SlimeQueenSamantha|this custom av is rlly good\n>p1 move spore\n>p2 switch 3\n>p1 move substitute\n>p2 move doubleedge\n>p1 move batonpass\n>p2 move doubleedge\n>p1 switch 2\n>p1 move firepunch\n>p2 move dig\n>p2 switch 4\n>p1 move acrobatics\n>p2 move surf\n>p2 switch 5\n>p1 move acrobatics\n>p2 move tackle\n>p2 switch 3\n>p1 move acrobatics\n>p2 move bodyslam\n>p2 switch 2\n>p1 move closecombat\n>p2 move earthquake\n>p2 switch 6\n>p1 move acrobatics\n>p2 move dig",
	"uploadtime": 1790126872
}